2782 4868
646 339 816 402 ..25-

193 516 204 544 u
227 499 257 553 et
276 493 413 553 efficacia
434 493 638 566 quorumdam
657 494 794 557 virorum
810 508 882 568 erga
901 497 1017 557 litteras
1031 502 1288 576 promovendas,

193 636 204 665 s
227 616 256 673 ct
273 612 388 673 similia
402 612 456 686 (t).
474 634 486 664 ι
504 615 570 672 lam
584 612 757 674 inductioni
771 614 860 676 locus
875 618 922 676 est
932 634 940 674 t
952 617 992 676 ad
1006 631 1100 691 quam
1112 633 1178 694 quo
1194 626 1289 695 pacto

192 730 354 791 accedatur
368 743 405 789 ex
423 728 568 790 omnihus
583 731 695 791 Baconl
710 731 799 791 lihris
813 735 948 807 apparet.

225 854 320 921 Quem
331 851 441 914 ducem
456 851 515 910 sihi
529 852 652 923 elegerit
665 857 804 915 liaconm
818 857 1061 930 meminerimus.
1077 859 1290 928 Quotiescum·

191 985 249 1044 que
269 971 303 1029 iu
322 969 397 1030 artis
411 971 509 1031 civilis
524 973 715 1034 mentionem
736 975 861 1051 incidit,
876 976 1124 1039 llacchiavellum
1134 980 1288 1053 anciram

191 1093 231 1154 ad
252 1093 502 1167 respondendnm
522 1094 610 1168 citat,
638 1097 691 1170 qni
712 1109 838 1157 omnam
857 1098 945 1157 tollat
970 1098 1207 1159 dubitationem.
1231 1103 1291 1161 Nec

192 1215 316 1273 deluere
326 1217 380 1288 qni
388 1215 522 1287 maligne
532 1220 686 1277 laconum
697 1218 945 1279 ltaochiavellum
959 1218 1090 1278 alterum
1104 1219 1202 1279 iulssc
1217 1234 1290 1280 con-

194 1335 371 1409 tenderent,
394 1350 451 1396 nec
473 1338 502 1396 ei
522 1337 633 1411 majori
657 1352 737 1398 curae
758 1339 853 1399 inisse
873 1340 1049 1413 aqrdtatem
1061 1339 1289 1415 justitiamque.

193 1459 228 1514 ht
240 1468 400 1529 nunquam
419 1456 554 1530 pessima
572 1458 660 1516 istius
677 1461 828 1532 precepta
848 1458 941 1518 refert
964 1461 1070 1518 noster
1088 1462 1142 1519 aut
1158 1459 1290 1532 proban

193 1576 257 1637 imo
272 1591 343 1637 enm
357 1577 464 1637 laudat
478 1577 562 1651 quod
581 1600 592 1628 u
609 1580 713 1650 aperte
728 1579 757 1637 et
775 1577 1041 1638 indissimulanter
1063 1579 1200 1652 proterat
1212 1581 1293 1653 quid

196 1719 208 1747 ι
229 1697 372 1757 homiues
389 1698 490 1758 facere
504 1699 639 1772 soleant,
656 1711 721 1758 non
736 1697 811 1770 quid
826 1697 957 1757 debeant
973 1697 1024 1769 (a).
1043 1719 1055 1749 s
1072 1697 1116 1756 hh
1134 1711 1172 1757 co
1191 1697 1296 1758 multa

194 1821 354 1892 ingeniose
369 1821 465 1879 fuisse
481 1822 511 1878 et
525 1820 631 1882 notata
644 1822 674 1877 et
687 1819 769 1877 dicta
777 1817 937 1877 fatendum
955 1819 1002 1876 est
1017 1837 1025 1875 z
1041 1831 1108 1890 qum
1122 1816 1293 1877 non'dnhi-

198 1942 242 1999 tar
256 1939 446 1999 vcmlamius
461 1953 519 1999 nec
535 1939 714 2013 quisquam,
729 1939 764 1996 ut
779 1951 857 2008 reor,
867 1938 936 2011 jure
951 1938 1070 1998 duhitct
1084 1940 1115 1997 at
1132 1938 1248 1998 referre
1265 1943 1298 1998 et

199 2058 331 2131 probare
348 2058 396 2132 (3).
427 2062 505 2118 sane
531 2058 634 2130 aliqua
657 2059 780 2130 prestat
804 2056 1017 2116 hacchiavetlo
1046 2058 1167 2130 noster,
1193 2070 1296 2130 quum

198 2179 416 2239 nihilomnino
431 2180 540 2252 praeter
553 2177 672 2238 ltaliam
687 2176 810 2237 italicus
829 2177 960 2249 scriptor
976 2188 1115 2248 unquam
1132 2157 1204 2234 ante
1219 2189 1294 2235 oeu-

199 2299 247 2358 los
262 2300 403 2361 hahuerit
413 2299 466 2375 til,
482 2313 596 2373 neque,
612 2300 647 2358 nt
663 2297 867 2371 Verulamius,
884 2294 1087 2369 philosophie
1103 2295 1172 2353 luce
1185 2295 1296 2366 patriae

200 2433 263 2478 sua
279 2421 421 2480 instituta
432 2434 595 2493 moresque
609 2417 943 2479 illustraretentaverit.
960 2416 1079 2475 scilicet
1093 2414 1165 2473 inde
1183 2428 1295 2475 conse·

201 2539 306 2596 cutum
317 2541 406 2596 estut
421 2539 572 2611 aequitatis
586 2551 692 2597 curam
709 2549 834 2596 omnem
849 2535 1009 2609 abjiceret,
1024 2534 1059 2591 ut
1068 2531 1227 2606 Borgiam,
1242 2546 1294 2591 ve·

201 2658 257 2716 luti
269 2658 420 2731 optimum
438 2658 603 2732 exemplar,
621 2656 742 2728 regibus
762 2655 906 2714 omnihus
927 2653 1132 2728 proponeret,
1147 2653 1177 2711 et
1194 2652 1294 2725 pessi-

202 2789 269 2837 mas
280 2780 360 2838 artes
370 2792 426 2840 suo
438 2791 507 2837 cum
518 2779 645 2838 nomine
659 2778 692 2836 in
708 2779 856 2835 aternum
866 2776 1079 2866 *coniungeret

238 3232 268 3294 (1)
288 3231 485 3302 lh.‚ih.‚ib.s3

239 3319 271 3382 (2)
292 3320 328 3373 lle
340 3322 405 3388 hug.
421 3335 459 3376 sc.
471 3336 521 3387 vu,
538 3327 562 3376 3.

238 3415 269 3478 (3)
288 3413 327 3468 lb.
339 3427 381 3480 ιιι,
396 3415 419 3467 1.
436 3433 446 3460 ι
459 3415 586 3468 interitus
596 3415 636 3468 rei
645 3418 751 3468 arcetur
764 3427 812 3481 per
829 3414 1013 3473 reductionem
1026 3416 1086 3481 ejus
1098 3413 1132 3466 ad
1142 3410 1275 3478 principia
1288 3427 1294 3461 ι

205 3526 216 3551 ι
238 3504 332 3570 regula
344 3508 385 3559 ast
401 3505 429 3558 iu
450 3505 570 3572 physicis
582 3545 588 3570 ‚
601 3505 773 3560 eadamrolct
787 3507 815 3559 in
826 3507 959 3574 politicis,
975 3510 1005 3560 ut
1020 3508 1093 3560 recte
1107 3503 1210 3558 notarit
1225 3502 1293 3557 ltac-

205 3618 216 3644 «
237 3597 395 3652 chiarellus.
409 3616 419 3643 »
434 3626 465 3634 -
476 3597 514 3650 lh.
531 3611 581 3664 vrr,
594 3600 607 3650 3
629 3613 635 3649 :
658 3617 669 3645 c
682 3599 723 3652 Sic
735 3599 807 3652 enim
820 3598 1008 3653 llacchiarello
1021 3597 1111 3650 dicere
1123 3594 1210 3662 placet
1223 3593 1296 3660 quod

207 3711 216 3737 ι
238 3692 261 3744 si
271 3690 428 3755 contigisset
455 3691 584 3744 Gaesarem
599 3690 670 3745 bello
691 3694 846 3758 superatum
867 3691 969 3754 foisse,
991 3689 1100 3743 Catilina
1119 3687 1179 3754 ipso
1197 3685 1296 3738 fuisset

205 3798 216 3827 u
236 3781 364 3835 odiosior.
380 3780 485 3846 »2-1h.
498 3794 558 3846 vrrr,
573 3783 587 3832 2
603 3798 608 3832 ι
630 3799 640 3827 ι
651 3782 681 3834 tt
695 3781 791 3835 modus
799 3781 935 3835 scribendi
944 3781 990 3848 qui
1000 3781 1100 3848 optime
1115 3775 1241 3832 convenil
1253 3787 1297 3828 ar·

206 3888 217 3915 t
238 3876 366 3937 gumerio
388 3876 442 3926 tam
452 3872 526 3926 uario
540 3875 566 3926 et
582 3871 724 3938 multiplici
737 3872 823 3938 (ortale
835 3876 876 3927 est
891 3874 1017 3927 tractatus
1031 3872 1064 3926 de
1077 3869 1194 3937 negotiis
1206 3871 1232 3922 et
1250 3881 1295 3922 oc·

207 3982 217 4008 »
237 3963 392 4016 casionihus
402 3963 518 4030 sparsis)
539 3963 693 4028 aptissimus
713 3963 810 4016 illoest
832 3977 911 4030 quem
922 3963 1022 4030 delegit
1042 3959 1247 4018 Macohiarellus
1262 3959 1295 4011 ad

206 4070 217 4099 ι
238 4052 388 4107 tractandas
400 4067 444 4108 res
462 4053 600 4122 politicas,
621 4053 802 4121 nimirumque
814 4055 1015 4109 ohservationes
1029 4053 1086 4108 sire
1098 4053 1242 4106 discursus
1259 4052 1295 4109 tut

207 4164 216 4189 ι
237 4142 405 4211 loquuntur),
424 4157 512 4211 neque
528 4144 669 4198 historiam
679 4151 705 4199 et
725 4144 856 4212 exemplo.
872 4165 881 4192 ι
897 4145 993 4198 llultos
1009 4145 1077 4199 alios
1093 4145 1168 4200 locos
1181 4143 1294 4210 praeter·

203 4235 290 4289 mitto.

241 4327 269 4390 ti)
290 4325 322 4380 M.
336 4327 441 4393 cousin,
456 4326 576 4414 praelatio
587 4327 711 4383 adlihros
727 4328 843 4382 Platonis
861 4329 896 4383 Dc
910 4326 1032 4394 Legibus.
