2782 4868
597 347 767 410 ..96-

147 525 160 554 ι
180 505 265 562 tuum
274 499 500 562 condonatione
514 512 580 561 non
590 503 670 561 male
680 504 817 563 constet:
834 503 989 578 praecipue
1000 503 1081 564 inter
1094 506 1235 568 Christia-

148 644 160 674 ι
180 621 364 696 nocquinus
380 632 487 694 pacem
500 633 590 681 snam
599 622 747 683 Dominus
761 623 873 696 legavit
885 622 966 698 (l).-

179 739 316 798 ndrotio
331 751 453 812 quoque
470 738 599 798 nonnisi
616 739 897 800 interdhrlstianos
908 738 960 813 jus
974 738 1114 812 gentium
1122 741 1235 800 consti·

147 856 246 916 tutum
260 868 328 917 esse
342 868 381 915 cu
394 854 536 928 plurimis
549 855 627 916 locis
636 857 772 930 apparet.

181 975 326 1046 Quamuis
340 976 443 1036 autem
454 975 491 1036 de
506 979 627 1036 Bacono
647 975 802 1049 scribam,
817 973 966 1035 confiteor
979 973 1098 1047 aliquot
1117 974 1153 1032 ln
1163 973 1239 1033 locis

145 1096 245 1170 magis
265 1108 336 1157 cnm
353 1096 495 1170 equitate
509 1109 678 1168 congruere
693 1095 786 1156 Grotii
801 1095 986 1170 sententias,
1002 1093 1108 1153 neseio
1123 1107 1188 1167 qum
1201 1093 1239 1152 de

146 1227 255 1288 causa,
276 1216 382 1274 utrum
400 1213 515 1274 civium
532 1215 563 1272 et
585 1214 750 1287 equalium
763 1213 904 1287 exemplo
927 1213 1072 1286 corrupta
1091 1212 1133 1271 sit
1150 1225 1240 1271 mens

148 1335 258 1410 nostri,
269 1348 311 1396 an
325 1335 371 1394 illi
380 1333 501 1394 facilius
511 1334 613 1408 tuerit,
628 1334 742 1393 librum
756 1335 794 1394 de
805 1334 873 1408 jnre
882 1333 1020 1406 gentium
1031 1331 1194 1406 scribenti,
1203 1345 1237 1391 ex

147 1454 268 1514 ratione
282 1453 403 1526 regulas
417 1466 525 1513 omnes
535 1453 710 1529 deducenti,
725 1453 800 1527 quid
807 1458 936 1527 posceret
946 1455 1073 1528 aquitae
1086 1452 1238 1512 invenire.

145 1572 290 1646 Exemplo
304 1572 345 1633 sit
363 1572 447 1646 quod
462 1572 500 1633 de
515 1572 599 1646 lusto
615 1571 700 1631 metu
718 1571 857 1645 scripsit,
882 1583 923 1631 an
944 1569 1083 1642 legitima
1101 1569 1143 1629 sit
1167 1569 1241 1629 belli

150 1706 245 1755 causa
269 1705 433 1766 merens:
454 1694 592 1753 «Fateor
620 1692 653 1751 in
674 1688 933 1750 consultationem
958 1689 996 1750 de
1017 1688 1100 1749 hello
1124 1690 1157 1748 ct
1180 1687 1240 1748 hoc

152 1835 164 1864 ι
184 1814 304 1888 venire,
318 1826 383 1873 non
398 1812 456 1871 snb
471 1812 591 1871 ratione
604 1810 694 1886 lusti,
709 1811 765 1871 sed
783 1810 841 1871 sub
855 1810 975 1870 ratione
988 1808 1094 1868 utilis:
1108 1810 1145 1867 ut
1163 1808 1192 1868 si
1206 1820 1241 1867 ex

150 1955 165 1983 a
187 1932 248 1992 alia
261 1945 354 1992 causa
371 1931 490 2005 lustum
505 1929 545 1990 sit
558 1929 685 2002 bellum,
700 1943 737 1989 ex
750 1929 808 1990 liae
823 1941 917 1989 causa
935 1906 1103 2002 prudenter
1117 1938 1241 1999 quoquc

153 2075 166 2105 ι
187 2052 363 2124 susceptum
389 2049 571 2123 judicetur:
600 2063 658 2111 nee
682 2050 767 2111 aliud
791 2048 901 2110 dicunt
924 2048 977 2121 qui
1000 2047 1035 2106 in
1064 2046 1148 2105 hano
1179 2058 1243 2105 rem

155 2190 166 2219 a
188 2169 320 2229 citantur
333 2169 482 2229 auctores.
505 2166 563 2228 sed
578 2167 614 2225 ut
632 2167 696 2229 vim
714 2167 776 2240 pati
791 2179 883 2239 posse
899 2166 940 2225 ad
960 2165 1023 2224 vim
1043 2161 1241 2226 inferendam

154 2288 235 2363 ejus
260 2287 391 2362 tribuat,
424 2287 464 2347 ab
492 2285 579 2348 omni
598 2286 750 2361 equitatis
775 2286 893 2346 ratione
922 2286 1077 2347 abhorret.
1107 2285 1154 2345 lta
1176 2283 1241 2343 uita

117 2377 120 2381 ’
154 2410 325 2469 «numana
353 2409 409 2480 est,
438 2409 474 2466 ut
496 2407 590 2481 plena
617 2406 763 2469 securitas
787 2419 949 2478 nunqnam
981 2403 1073 2463 nobis
1100 2403 1237 2464 constet.

156 2552 170 2581 ι
187 2528 337 2587 Aduersus
352 2527 486 2586 incertos
498 2527 599 2585 metus
618 2525 757 2585 adivina
778 2523 976 2598 prouidentia
1000 2527 1030 2582 et
1049 2490 1100 2582 alt
1113 2520 1245 2583 innoxia

156 2669 168 2699 ι
188 2646 342 2719 cantione,
359 2660 426 2707 non
442 2659 461 2706 a
475 2647 506 2707 vi
520 2644 699 2720 presidium
713 2645 880 2719 petendum
900 2647 947 2705 est
963 2644 1016 2720 (i).
1034 2665 1046 2696 n
1063 2642 1246 2716 ignoscatur

154 2771 257 2829 tamen
273 2772 394 2829 Bacono
409 2767 493 2841 quod
506 2782 570 2828 una
583 2781 655 2827 eum
668 2769 818 2830 Fenclone
832 2767 986 2829 erraverit.

189 3135 229 3201 (t)
245 3135 303 3190 lib.
318 3148 369 3203 iu,
384 3147 411 3189 c.
427 3148 497 3203 xxv,
509 3137 547 3202 ti.
563 3137 619 3192 iet
633 3137 657 3188 3.
766 3161 768 3166 ,

191 3228 222 3293 tt)
241 3227 441 3296 l.n,c.1,e.
459 3229 501 3283 ti.
