2782 4868
593 382 781 445 —lm-

143 545 239 591 conus
258 545 350 605 quam
366 533 404 591 ab
420 532 469 590 lris
486 533 546 604 peti
563 535 699 605 regulam
721 533 864 602 vetuerit,
887 543 940 592 eos
959 534 1060 592 tamen
1084 533 1125 592 ad
1151 533 1239 596 illus·

144 653 284 712 trandum
300 654 540 728 supplendamve
562 655 661 727 legem
676 655 814 714 adhiberi
834 654 938 712 siverit
952 696 960 728 ,
974 666 1040 727 pam
1060 653 1157 713 uerba
1180 655 1239 714 ista

42 834 44 839 ,
144 774 240 832 libros
254 774 419 833 auxiliares
439 775 581 848 amplecti
597 777 737 848 possunt.
755 777 821 833 Non
841 777 944 833 aulem
959 777 1099 834 Moenus
1115 773 1240 833 ridetur

142 894 337 965 prohibuisse
362 908 401 952 ne
426 895 671 967 interpretationi
694 894 809 954 auxilia
833 894 1025 954 afferrentur.
1050 893 1130 963 Quid
1146 896 1240 952 vero?

144 1026 331 1087 quamquam
346 1013 400 1072 ille
411 1013 475 1073 vim
490 1014 565 1084 legis
582 1013 669 1071 libris
690 1012 806 1072 nostris
823 1013 947 1084 negavit
967 1012 1145 1071 addendam
1159 1024 1238 1085 esse,

144 1134 313 1205 periculum
333 1137 379 1193 est
393 1148 432 1192 ne
448 1135 521 1193 inde
539 1135 645 1194 multoe
661 1135 729 1193 lites
750 1137 934 1207 exsurgunt,
951 1148 991 1192 ne
1013 1134 1238 1206 interpretatio-

146 1252 194 1308 nis
210 1252 311 1323 specie
324 1252 383 1323 legi
404 1253 489 1311 fraus
507 1251 574 1326 srat,
591 1265 631 1310 ne
647 1252 701 1326 jus
715 1252 748 1309 in
766 1251 873 1310 ceteris
888 1252 1010 1325 scriptis
1028 1251 1239 1324 potiusquam

145 1369 221 1440 ipsis
235 1369 268 1426 in
290 1369 410 1440 lapibus
425 1369 561 1442 positum
590 1382 656 1428 esse
675 1370 824 1428 rideatur.
840 1369 928 1428 Nullo
948 1368 1041 1428 modo
1066 1369 1238 1440 periculum

146 1488 204 1545 tale
221 1488 309 1547 vitari
324 1490 444 1562 potest,
464 1490 525 1547 nisi
541 1489 738 1562 prohibeatur
757 1489 939 1562 legumlator
957 1501 997 1547 ne
1013 1489 1117 1548 studio
1135 1489 1238 1560 legum

145 1606 362 1679 immisceatur,
379 1607 440 1666 nisi
456 1609 573 1667 vetetur
589 1608 686 1667 libros
704 1607 883 1682 auxiliares,
899 1607 936 1663 de
954 1606 1075 1682 aepulis
1084 1610 1171 1680 juris
1187 1610 1239 1667 aul

144 1723 180 1780 cle
195 1725 350 1782 verborum
360 1725 578 1798 sipotficottooe
594 1726 726 1784 seribere
742 1746 749 1783 ε
767 1725 842 1799 quid
859 1726 971 1798 plura?
982 1725 1042 1784 nisi
1058 1726 1112 1798 jus
1125 1724 1239 1785 condat

150 1841 261 1913 cuijus
276 1842 472 1901 condendum
488 1843 543 1916 sit,
556 1843 608 1916 jus
623 1843 729 1902 doceat
743 1843 792 1901 cui
801 1843 852 1914 jus
862 1842 1048 1901 docendum.

182 1963 231 2019 ill.
248 1974 419 2021 umuruuu
439 1975 522 2021 praru
541 1976 580 2022 nn
600 1975 735 2022 uncuurs
759 1975 845 2023 runis
862 1961 917 2034 ll).
942 1964 1056 2021 -Non
1081 1975 1118 2020 ea
1137 1966 1241 2021 mente

146 2077 259 2135 librum
274 2078 357 2136 bunc
373 2077 444 2137 lecit
453 2082 592 2138 baconus
607 2081 642 2138 ut
653 2080 826 2151 exemplum
841 2080 1027 2152 proponeret
1035 2079 1087 2150 (Ξ),
1102 2081 1239 2138 attamen

147 2211 241 2268 quum
257 2198 296 2255 ad
313 2201 423 2269 Regem
438 2199 560 2272 scripsit
578 2201 615 2259 de
631 2200 820 2271 corrigendis
835 2199 867 2256 in
882 2213 1040 2273 unumque
1050 2213 1238 2272 componen-

148 2319 196 2376 dis
211 2319 393 2377 Britannicis
413 2319 551 2394 legibue,
569 2320 808 2392 addendumque
827 2319 863 2375 de
887 2318 1008 2391 Repulit
1018 2320 1106 2391 juris
1124 2319 1239 2377 librum

148 2437 281 2503 censuit,
309 2437 397 2495 illum
421 2451 438 2495 a
458 2451 490 2495 se
511 2437 668 2509 quondam
693 2436 851 2494 redactum
875 2435 970 2493 fuisse
994 2435 1132 2507 monuit,
1149 2448 1240 2507 quem

147 2557 229 2628 apud
255 2559 394 2628 posteros
415 2571 480 2616 non
506 2557 602 2615 multo
625 2556 803 2614 inferiorern
822 2555 954 2614 Eduardi
977 2554 1061 2614 colrii
1082 2554 1241 2627 responsis

148 2678 213 2735 iore
228 2679 372 2748 speraret.
389 2679 455 2735 Non
477 2676 570 2747 igitur
591 2675 719 2734 omnino
742 2675 779 2734 ab
804 2676 892 2734 istius
917 2675 1069 2734 sententia
1097 2674 1241 2733 ridemur

148 2798 323 2870 abhorrere,
334 2797 359 2854 si
375 2796 488 2855 librum
499 2796 582 2854 buno
596 2795 634 2854 ab
646 2795 699 2854 illo
712 2809 767 2868 pro
783 2798 923 2868 exemplo
937 2795 1131 2868 propositum
1147 2795 1241 2854 luisse

149 2916 377 2974 contendimus.

184 3038 250 3094 Non
264 3034 328 3107 jam
349 3037 388 3094 de
400 3035 531 3094 utilitate
545 3035 615 3093 libri
631 3035 860 3108 disserendum3
877 3037 950 3093 satis
971 3035 1016 3092 est
1034 3047 1129 3106 supra
1148 3033 1242 3107 hujus

150 3154 335 3226 procamium
359 3155 392 3212 in
417 3155 549 3213 latinum
569 3167 743 3212 sermonem
769 3153 906 3213 vertisse.
931 3153 976 3211 Ad
999 3150 1120 3223 regulas
1142 3152 1241 3210 ueniri

151 3275 266 3347 potest,
284 3275 322 3333 de
348 3275 459 3348 quibus
474 3276 544 3333 ante
569 3275 674 3332 omnia
684 3274 837 3346 judicium
851 3274 998 3368 terentem
1015 3274 1173 3331 auctorem
1193 3286 1242 3331 au-

152 3393 273 3451 diamur
293 3413 299 3449 :
324 3414 334 3444 a
349 3395 432 3452 Clare
457 3396 486 3452 et
505 3395 666 3466 perspicue
690 3408 742 3453 eas
759 3394 900 3466 exposui,
924 3396 957 3452 iu
978 3406 1067 3452 casus
1087 3394 1242 3464 transtuli,

155 3535 167 3560 ι
188 3513 437 3572 distinctionibus
452 3513 617 3586 illustrari,
633 3514 792 3586 quondam
811 3515 848 3573 de
862 3515 973 3588 quibus
982 3513 1154 3573 rationibus
1169 3528 1242 3587 pen·

154 3651 165 3680 o
189 3631 281 3688 deant
295 3629 430 3704 ostendi,
442 3628 664 3701 quaaflinitate
683 3630 790 3687 ceteris
806 3643 875 3687 cum
895 3629 1007 3700 regulis
1026 3628 1245 3687 contineantur

156 3777 165 3800 α
188 3755 293 3827 aperui
309 3752 363 3827 (3).
389 3772 403 3805 ι

189 3876 327 3947 Quinque
351 3877 380 3932 et
402 3875 509 3944 viginti
528 3877 599 3931 sunt
620 3874 745 3944 regular,
766 3872 803 3930 de
821 3869 1037 3930 diuersissimis
1058 3866 1167 3941 rebus,
1188 3882 1246 3925 neo

189 4193 219 4251 tlt
240 4191 292 4244 ibe
307 4191 420 4244 maxims
432 4189 460 4243 ol
472 4190 516 4244 tho
527 4190 584 4244 lau.

190 4284 221 4342 11)
242 4283 299 4335 lid.
322 4281 512 4348 prolationem.

190 4375 220 4439 tat
239 4372 307 4426 loru.
