2782 4868
689 346 833 406 „q-

252 498 333 555 liova
347 496 491 568 praeterea
505 496 537 552 in
553 509 588 554 eo
605 497 722 557 ratione
737 512 811 557 usus
822 500 878 571 est,
895 500 1000 572 utpote
1015 502 1062 559 cui
1079 517 1142 561 non
1154 508 1227 565 satis
1238 522 1308 568 esse
1350 529 1352 532 ·

212 615 366 673 videretur
379 617 515 674 veterum
530 616 693 688 opiniones
709 631 745 676 ao
760 620 927 678 sententias
944 620 1085 693 colligere
1099 626 1128 681 et
1143 628 1306 704 explicare,

214 736 268 794 sed
283 736 369 795 cordi
379 750 501 809 quoque
514 739 593 795 esset
611 737 712 796 fontes
726 739 811 811 ipsos
825 739 904 811 juris
918 739 1052 812 repetere
1062 742 1092 798 et
1108 743 1308 817 philosophia

213 857 334 915 civilem
352 856 524 915 doctrinam
544 858 775 931 commendare3
793 858 879 917 omni
900 861 1001 917 autem
1020 860 1053 917 in
1079 862 1141 920 arte
1158 864 1206 921 vel
1231 865 1304 924 doc·

213 977 312 1052 trina,
328 977 466 1049 plerique
485 949 716 1050 philosophiam
733 980 786 1036 aut
800 978 921 1037 hostem
937 979 990 1037 aut
1012 981 1093 1038 certe
1110 983 1306 1053 peregrinam

211 1096 340 1170 hahent,
361 1111 427 1169 quae
447 1098 574 1156 nonnisi
594 1112 692 1169 nugas
718 1102 770 1158 aut
793 1099 915 1158 somnia
935 1098 1085 1174 praeeat,
1108 1101 1186 1158 nihil
1200 1105 1306 1160 autern

211 1215 318 1273 offerat
327 1216 410 1288 quod
425 1217 482 1274 arti
493 1218 552 1289 ipsi
566 1218 712 1290 prodesse
726 1218 875 1277 videatur.
893 1222 1031 1277 Baoonus
1054 1219 1155 1293 igitur,
1172 1221 1244 1291 quia
1260 1222 1304 1279 le-

210 1333 299 1403 gibus
309 1334 440 1408 studuit,
457 1336 536 1393 nihil
550 1336 623 1394 illuc
638 1337 845 1409 philosophici
861 1337 1002 1396 intulisse
1020 1338 1205 1410 quibusdam
1219 1342 1306 1400 visus

210 1454 271 1524 est3
287 1454 359 1526 quia
369 1457 511 1513 naturam
526 1468 561 1513 ac
573 1455 863 1527 fundamentajuris
882 1457 1038 1530 quaesivit,
1047 1457 1098 1530 jus
1108 1459 1304 1530 ipsumigno-

210 1586 294 1631 rasse
313 1574 458 1649 hahetur;
478 1589 575 1648 usque
590 1577 666 1634 adeo
682 1577 711 1633 et
722 1575 892 1648 iurisperiti
909 1578 938 1634 et
959 1577 1136 1650 philosophi
1151 1580 1230 1637 totos
1245 1580 1304 1639 ho-

209 1694 309 1752 mines
330 1709 403 1755 suos
420 1710 486 1755 esse
505 1697 626 1770 jubent!
650 1697 733 1754 Adde
759 1696 842 1769 quod
862 1716 873 1746 ι
893 1697 971 1754 nulli
993 1711 1131 1756 rumores
1155 1696 1304 1757 lihen'tius

211 1833 224 1862 ιι
245 1813 437 1886 accipiuntur
447 1830 540 1887 quam
555 1817 607 1888 qui
616 1816 732 1874 famam
743 1817 847 1886 magni
860 1816 1021 1889 cuiusdam
1030 1817 1089 1875 viri
1106 1817 1303 1894 deminuunt,

212 1956 223 1985 ιι
244 1934 388 2007 vulgique
400 1926 497 1992 lenire
508 1934 658 1994 invidiam
673 1935 778 1994 nescio
793 1949 885 2008 quam
900 1936 1045 1995 videntur
1061 1941 1107 2007 tl).
1130 1959 1142 1987 ιι

244 2057 382 2113 Baoonus
398 2055 501 2112 autem
511 2053 638 2112 nonnisi
653 2055 776 2111 coactus
790 2068 808 2112 a
822 2067 855 2112 se
870 2054 1005 2113 alienum
1017 2056 1175 2128 amplexus
1189 2055 1228 2113 sit
1237 2059 1300 2114 stu-

209 2173 312 2247 dium,
328 2173 360 2231 id
377 2175 457 2231 certe
467 2173 566 2245 magis
581 2187 652 2231 cum
667 2143 778 2230 natura
793 2186 854 2230 suae
869 2174 982 2231 mentis
992 2176 1234 2232 consentaneum
1250 2189 1300 2233 co-

208 2272 298 2352 natus
313 2295 359 2351 est
369 2291 498 2352 efficere.
514 2293 570 2363 Qui
581 2294 607 2351 si
626 2293 708 2352 intra
719 2293 817 2353 civilis
832 2293 880 2352 vel
901 2293 1066 2350 Britannici
1081 2294 1160 2366 juris
1181 2296 1302 2366 regulas

208 2427 240 2471 se
254 2413 442 2485 inclusisset,
460 2427 620 2485 nunquam
635 2411 727 2471 nohis
752 2412 785 2469 in
807 2413 943 2470 mentem
958 2411 1093 2470 venisset
1114 2413 1195 2471 hano
1219 2415 1301 2485 apud

208 2532 391 2590 Facultatem
410 2531 485 2604 quid
510 2532 638 2604 dejure
663 2531 819 2603 scripserit
844 2532 895 2589 ille
921 2533 1095 2604 attingere:
1125 2537 1170 2592 est
1198 2538 1300 2594 autem

208 2649 375 2722 quidquam
396 2650 429 2707 in
452 2650 520 2722 jure
543 2663 608 2708 non
624 2648 712 2706 aliter
743 2649 834 2720 atque
857 2649 890 2707 in
910 2650 1055 2708 omnihus
1079 2650 1194 2709 artihus
1226 2653 1298 2711 doc-

206 2767 373 2844 trinisque,
400 2768 483 2840 quod
514 2767 552 2826 ad
572 2767 802 2840 philosophiam
827 2781 897 2826 vere
922 2770 1064 2841 pertinet.
1090 2773 1228 2840 hagnam
1257 2770 1297 2827 is·

207 2864 269 2946 tam
298 2889 328 2944 et
355 2888 442 2960 quasi
474 2888 611 2947 divinam
640 2887 740 2946 civilis
766 2889 839 2945 artis
864 2891 982 2960 partem
1008 2893 1037 2946 et
1066 2889 1149 2961 apud
1181 2891 1299 2947 Graecos

206 3007 364 3066 excoluere
388 3007 564 3080 philosophi
591 3008 685 3080 inque
698 3007 806 3079 primis
829 3007 942 3065 Tullius
960 3007 1200 3080 commendavit,
1218 3022 1297 3082 neo,

205 3131 329 3187 auctore
352 3130 429 3203 isto,
455 3128 597 3200 amplecti
621 3126 776 3198 dedignati
802 3127 874 3208 su'nt
901 3128 1031 3185 Romani
1060 3125 1252 3198 pmdentes(
1276 3127 1297 3200 t.

205 3245 379 3302 Diutissime
392 3245 603 3318 tamen,veluti
618 3245 734 3316 ingenti
743 3244 821 3317 juris
835 3243 934 3302 civilis
944 3242 1025 3300 mole
1037 3256 1193 3317 oppressa,
1201 3243 1300 3316 jacuit

203 3363 319 3436 eadem,
336 3377 430 3435 quum
446 3364 525 3421 nihil
537 3363 664 3436 justum,
676 3363 754 3420 nihil
764 3375 871 3421 verum
881 3374 946 3420 esse
961 3361 1124 3437 videretur,
1140 3362 1202 3419 nisi
1212 3362 1295 3433 quod

205 3767 217 3793 ι
234 3748 320 3814 ipsius
331 3747 423 3801 verbis
435 3749 501 3812 utar)
512 3748 634 3815 peritiam
647 3749 721 3802 illam
734 3788 739 3814 ,
755 3751 881 3816 tauquam
893 3750 1070 3802 accessoriam
1089 3749 1146 3803 sive
1159 3749 1294 3802 subsidia·

203 3856 214 3883 ιι
233 3839 315 3902 riam,
336 3851 391 3891 non
401 3841 528 3906 tanquam
541 3824 717 3906 principalem
736 3839 877 3905 amplexus
899 3841 941 3892 sit.
958 3859 969 3886 ιι
991 3840 1027 3893 df.
1047 3839 1158 3893 llallet:
1184 3860 1195 3886 «
1210 3841 1296 3894 Bacon

203 3947 213 3974 ιι
233 3927 339 3994 applied
349 3928 461 3982 himself
466 3968 473 3992 ,
486 3941 560 3983 more
572 3928 689 3994 through
704 3929 845 3996 necessity
860 3929 925 3983 than
943 3929 1054 3996 choica,
1071 3932 1098 3983 to
1108 3929 1154 3984 the
1169 3929 1250 3994 study
1268 3928 1297 3981 oi

204 4037 213 4063 ι
233 4018 279 4070 the
292 4018 485 4074 commonlau.
510 4038 520 4066 ι

235 4111 266 4175 (l)
286 4109 353 4162 hord
364 4110 509 4178 liacaulay,
525 4110 576 4164 loc.
594 4111 640 4164 eit.

235 4202 265 4265 (i)
284 4200 409 4267 Ulpianus
426 4217 431 4251 z
451 4222 461 4249 ιι
475 4203 582 4267 veram,
593 4203 648 4256 nisi
659 4201 746 4258 iallor.
760 4203 968 4272 philosophiam,
980 4219 1034 4260 non
1051 4206 1202 4260 simulatam
1213 4205 1293 4258 aiiec·

201 4295 287 4347 lantes
300 4314 309 4339 ιι
330 4293 348 4345 l.
362 4307 385 4358 ι,
399 4295 419 4356 t.
435 4301 444 4347 1
461 4294 515 4360 ‚De
523 4293 746 4365 justitiaetjore.
761 4297 790 4352 D.
806 4297 831 4350 l.
850 4311 868 4350 1.
