2782 4868
617 387 785 448 ...49-

151 539 255 598 Mosen
270 535 415 596 iacobum
429 536 551 613 incitat,
573 540 602 596 et
622 540 844 600 Elementorum
859 546 1034 603 communis
1048 546 1124 618 legis
1135 548 1213 621 pref
1232 577 1242 588 ·

153 659 212 733 tio,
236 672 296 737 qua
314 659 370 734 isti
384 661 567 733 persuadere
585 663 681 721 tentat
701 665 761 737 ipsi
782 651 946 724 consilium
965 667 1049 725 istud
1063 668 1149 726 cordi
1165 681 1241 727 esse⁴

151 774 232 842 Quin
247 787 342 847 quum
357 776 487 835 lacobus
496 777 636 848 Angliam
652 779 845 853 scotiamque
861 781 894 838 in
913 795 1011 840 unum
1025 794 1154 854 regnum
1168 783 1241 840 mis·

151 905 222 951 cere
240 897 272 951 et
291 906 477 966 componere
500 895 654 956 inanimo
670 897 792 968 hahuit,
816 901 861 957 tot
880 899 1017 973 epistolis
1042 900 1177 975 scriptis,
1197 903 1242 958 tot

149 1011 344 1071 oradonihus
363 1012 491 1084 habitis,
509 1015 655 1089 tanquam
679 1018 840 1078 occasione
862 1020 998 1093 arrepta,
1015 1001 1154 1079 Baconus
1170 1023 1241 1078 ante

150 1132 259 1190 omnia
272 1133 430 1223 utriusque
443 1132 530 1204 regni
543 1134 624 1205 leges
632 1135 763 1209 juraque
773 1138 807 1194 in
822 1151 934 1210 corpus
948 1136 1129 1213 redigenda,
1144 1144 1179 1197 ut
1193 1139 1239 1196 in·

150 1254 198 1310 ter
210 1264 243 1310 se
258 1253 517 1323 componerentur
532 1253 866 1329 coniungerenturque,
887 1257 1045 1315 contendit
1059 1257 1111 1330 (l).
1134 1261 1241 1316 Munus

148 1369 234 1428 istud
244 1369 310 1442 ipse
324 1369 471 1442 suscipiat
488 1371 613 1444 velens,
629 1387 725 1445 quum
740 1375 869 1434 minime
891 1389 924 1434 se
941 1377 974 1434 in
988 1376 1057 1450 iure
1078 1377 1156 1436 nihil
1171 1392 1240 1450 pro-

148 1487 259 1547 fecisse
273 1489 414 1563 fatemur,
426 1490 489 1549 imo
503 1491 554 1550 vel
567 1492 711 1550 maximis
725 1494 829 1552 seculi
843 1494 1048 1566 prudentibus
1063 1509 1129 1554 sese
1143 1495 1240 1553 libem

150 1607 270 1666 tissime
283 1610 382 1682 aequet
396 1610 406 1681 t
429 1609 452 1683 1.

185 1729 266 1786 Duas
294 1730 396 1786 autem
418 1728 519 1800 operis
542 1730 643 1801 partes
664 1742 731 1788 esse
752 1729 841 1805 dicit,
862 1743 958 1788 unam
979 1730 1064 1803 quood
1088 1729 1242 1801 digeratur

149 1846 316 1916 commune
336 1849 405 1922 jus,
422 1821 550 1908 alteram
564 1850 647 1923 quod
666 1851 789 1909 statuta.
810 1853 846 1908 ln
861 1850 981 1924 priori,
997 1864 1096 1908 uuum
1114 1863 1180 1909 esse
1199 1852 1240 1909 ei·

148 1968 242 2026 hrum
254 1968 340 2041 jubet
354 1969 391 2026 de
407 1969 642 2043 antiquitatibus
659 1973 762 2040 luris,
780 1938 890 2042 corpus
906 1970 1082 2028 communis
1099 1970 1195 2045 juris,
1211 1974 1241 2029 et

149 2059 301 2162 quosdam
315 2087 584 2148 adsidereslihres
601 2109 607 2147 :
625 2090 757 2164 scilieet,
772 2092 989 2179 institutiones,
1006 2103 1073 2162 qua
1096 2090 1126 2148 et
1139 2090 1240 2150 lucide

150 2210 334 2269 ordinentur
352 2213 381 2269 et
405 2211 511 2271 omnia
527 2211 807 2284 comprehendant,
821 2212 857 2269 ut
869 2209 1112 2282 uniuscujusque
1127 2210 1170 2268 rei
1185 2224 1240 2268 no·

148 2329 266 2388 donem
276 2329 410 2403 aliquam
420 2329 617 2402 contineant,
627 2330 775 2401 tanquam
786 2328 920 2400 ingentis
929 2328 1124 2386 monumenti
1138 2341 1236 2386 exem-

148 2435 413 2523 plaudentque
427 2450 518 2521 jnrts.
533 2448 708 2521 tractatum,
732 2459 824 2518 quem
845 2458 864 2503 a
880 2458 912 2502 se
931 2444 998 2517 ipso
1014 2444 1162 2517 scriptum
1176 2457 1242 2502 esse

148 2549 258 2642 regem
268 2569 355 2629 docet
364 2537 570 2643 VerulamiuS,
588 2571 617 2628 et
632 2568 727 2628 alium
738 2556 776 2626 de
788 2567 953 2625 Verborum
967 2563 1238 2639 stpntpcuttonttus.

149 2691 187 2748 ln
199 2690 368 2762 posteriore
379 2690 512 2748 delenda
525 2690 625 2762 capita
637 2689 839 2764 statutorum,
851 2701 984 2761 quorum
998 2686 1160 2759 casusjam
1174 2700 1240 2745 non

149 2807 210 2881 sit,
225 2808 355 2881 exempli
371 2807 486 2880 gratia,
502 2822 570 2880 qua
587 2808 626 2866 ad
640 2807 877 2880 Langobardos,
893 2806 933 2865 ed
948 2805 1069 2865 ludaeos
1079 2805 1238 2879 attineant,

150 2899 289 2983 tollenda
312 2938 513 2999 quacumque
533 2924 690 2984 dormiant
713 2925 807 2997 inque
835 2924 1068 2982 desuetudinem
1098 2922 1239 2994 abierint,

148 3041 356 3114 mitigandum
366 3057 531 3115 poenarum
547 3043 682 3114 rigorem
697 3041 803 3100 multis
814 3041 847 3098 in
863 3041 999 3114 casibus,
1015 3039 1190 3099 reducenda
1203 3040 1242 3097 ed

149 3174 246 3220 unam
261 3161 433 3234 simplicem
448 3162 645 3235 lucidamque
655 3161 753 3232 legem
768 3161 873 3220 omnia
887 3174 953 3234 quae
967 3161 1000 3217 in
1016 3158 1098 3218 idem
1112 3171 1240 3217 concur-

149 3284 220 3341 rant
236 3282 373 3355 statuta(
396 3283 417 3358 ).

153 3717 157 3721 ²
181 3698 213 3760 tlt
234 3695 338 3750 certain
357 3696 464 3750 articles
482 3709 513 3749 or
527 3697 740 3751 considerations
761 3696 890 3761 touching
906 3696 952 3750 the
961 3695 1046 3749 union
1058 3694 1087 3747 ot
1099 3693 1145 3747 the
1158 3693 1237 3757 king·

148 3786 226 3841 doms
243 3785 272 3840 oi
289 3787 408 3853 lingland
420 3788 472 3842 and
484 3788 616 3842 scotland.
630 3813 663 3826 —
674 3790 693 3842 d
704 3787 927 3855 speechusedby
939 3786 1125 3849 sithiense,
1138 3783 1175 3849 hp
1188 3795 1233 3836 oc·

146 3877 239 3932 cesion
252 3878 306 3932 oia
317 3881 420 3933 motion
430 3881 594 3946 concerning
604 3879 650 3935 the
666 3880 751 3934 union
764 3878 793 3932 ο1
803 3879 880 3934 laws.

182 3969 213 4034 (tl
232 3970 432 4037 dproposition
447 3974 474 4024 to
491 3970 535 4025 his
553 3971 666 4038 Majesty
681 3987 686 4023 :
711 3991 720 4017 n
734 3969 789 4024 ldo
801 3982 896 4024 assere
912 3982 981 4036 your
996 3968 1116 4034 Majesty,
1129 3966 1139 4017 1
1152 3976 1194 4017 am
1211 3964 1238 4016 in

154 4079 164 4105 n
184 4060 255 4124 good
267 4060 337 4127 hope
348 4061 405 4114 that
416 4062 496 4116 when
508 4051 546 4114 sir
557 4063 631 4117 ddw.
646 4061 739 4115 doke’s
757 4062 868 4128 Reperts
883 4059 935 4113 and
949 4072 995 4126 my
1014 4058 1088 4113 rules
1098 4056 1150 4109 and
1165 4055 1237 4108 deci·

150 4168 161 4195 n
181 4149 256 4205 siens
271 4150 341 4205 shall
350 4164 426 4206 come
439 4155 467 4207 to
479 4153 620 4220 posteritp,
631 4153 696 4208 then
706 4153 762 4209 will
773 4153 807 4209 he
818 4152 991 4217 (whatsoeser
1004 4151 1027 4204 is
1039 4161 1101 4225 now
1114 4146 1234 4214 thought)

152 4261 162 4287 n
182 4244 308 4309 question
315 4243 376 4298 who
385 4258 441 4300 was
453 4245 499 4300 the
515 4248 622 4312 greater
633 4246 747 4313 lawyer.
766 4266 776 4293 o

185 4335 214 4399 (3)
234 4334 253 4388 1
272 4320 438 4402 proposition
453 4340 480 4390 to
489 4337 533 4391 his
544 4338 668 4403 Maiestam
