2782 4868
607 412 647 424 —
675 383 732 444 155
759 415 797 427 «-

154 535 279 605 ιρθοω
307 532 494 590 exercituum
523 533 635 605 privati
656 535 717 594 duo
750 535 919 607 decorum
945 536 1077 593 alterum
1093 538 1139 592 est
1164 533 1244 610 judi-

154 676 167 703 κ
188 653 265 712 ciale
279 652 431 725 ducllum,
445 653 498 711 uhi
517 652 637 726 justitia
649 655 697 713 est
713 655 746 713 in
760 655 905 715 obscuro.
917 697 940 710 ..
961 668 1138 728 quanquam
1152 655 1245 715 Theo-

153 794 166 823 «
187 773 250 845 logi
265 773 366 832 adhue
380 774 418 832 de
432 773 497 846 ejus
516 773 675 848 disputent
685 775 814 849 Justitta.
834 795 846 830 o

190 915 202 941 ι
224 893 476 962 ρυοειᾱείῑεηιω
490 893 566 965 legis
580 897 694 953 nostra
705 895 872 968 defectum,
890 895 1030 954 similiter
1045 896 1248 968 respondetur

151 1032 163 1060 α
187 1012 324 1084 potuisse
338 1013 496 1072 vesaniam
512 1013 625 1090 videri,
636 1029 762 1088 poenam
773 1016 887 1075 dictare
900 1016 1069 1075 mendaciis
1081 1028 1165 1090 ‚quae
1179 1015 1247 1088 ipso

153 1153 165 1181 o
187 1132 259 1190 actu
272 1131 352 1190 nihil
368 1133 456 1206 sunt,
474 1135 584 1205 prater
598 1134 776 1205 negationes
792 1134 858 1207 ejus
874 1134 957 1207 quod
972 1133 1129 1192 affirmant
1141 1133 1207 1191 atii.
1218 1174 1242 1187 ..

155 1273 166 1300 u
186 1251 293 1321 Quoad
308 1252 449 1311 convicia
462 1254 572 1313 notum
593 1257 639 1312 est
657 1267 693 1312 en
714 1254 906 1313 orationibus
926 1255 959 1312 in
981 1257 1089 1313 senatu
1108 1257 1246 1312 Romano

155 1393 166 1422 α
189 1371 304 1430 habitis
318 1373 425 1431 eadem
439 1387 538 1446 neque
552 1374 603 1433 hic
618 1373 752 1432 abfuisse
767 1387 866 1447 neque
881 1375 915 1432 in
936 1372 1048 1432 Gracia
1063 1392 1071 1430 :
1084 1384 1179 1431 ‘nemo
1194 1384 1246 1430 au·

155 1513 167 1543 t
188 1494 250 1549 tem
259 1490 476 1551 arbitratusest
486 1506 518 1551 se
526 1492 636 1551 iisdem
645 1492 1112 1565 foedari,sedjudicavitinimioi
1120 1491 1247 1549 esseho-

156 1632 167 1661 e·
193 1611 292 1670 bitum
311 1614 342 1670 et
356 1613 489 1685 stylum3
510 1612 641 1686 ideoque
656 1615 709 1672 aut
729 1613 913 1685 contempsit
927 1614 979 1671 aut
1004 1611 1156 1684 reddidit,
1182 1624 1247 1668 non

155 1757 166 1785 u
187 1747 260 1793 vero
277 1735 427 1806 sanguine
442 1736 625 1808 conspersit.
637 1777 661 1790 ..
677 1736 706 1794 si
716 1735 967 1794 extraordinaria
983 1734 1177 1805 contemptus
1189 1731 1244 1789 cir-

153 1873 166 1906 «
188 1855 379 1914 eumstantiae
396 1855 603 1915 comitentur*
624 1857 782 1930 convicia,
797 1855 941 1928 verbera,
954 1854 1102 1925 ¹uulnera,
1121 1865 1248 1912 «severe

154 1998 166 2026 o
187 1976 220 2034 in
236 1977 311 2034 tates
328 1976 546 2037 animadvertit
558 1977 610 2037 hic
620 1989 794 2050 consessus,
810 1985 917 2035 vemm
930 1988 994 2034 non
1005 1973 1249 2046 unumquodque

156 2118 168 2144 a
185 2095 231 2153 est
240 2095 329 2153 fama
342 2097 457 2155 vulnus
468 2097 568 2155 letale.
579 2139 585 2152 .
598 2140 603 2152 .
617 2100 711 2170 mque
723 2099 844 2157 tantum
855 2097 892 2154 de
901 2096 977 2167 legis
985 2096 1089 2169 patrie
1100 2094 1249 2166 sapientia

154 2237 165 2263 ι
180 2217 279 2288 ‘atque
292 2216 423 2288 justitia.
442 2241 456 2269 ι»
609 2202 612 2208 ’

197 2356 205 2385 ι
223 2336 309 2405 Quod
325 2349 397 2396 veno
413 2337 472 2396 hoo
487 2338 597 2396 attinet
615 2338 733 2408 forum,
749 2349 853 2396 assero
877 2334 1041 2430 infallibiie
1068 2347 1149 2406 esso,
1163 2333 1249 2405 ¹quod

155 2464 282 2513 «omne
299 2455 417 2513 crimen
440 2455 588 2528 capitale,
610 2455 751 2528 quamvis
775 2468 840 2514 non
867 2452 1082 2525 commissum,
1103 2451 1157 2509 sed
1182 2456 1247 2511 ton-

154 2597 165 2625 o
189 2577 253 2633 tum
267 2574 479 2648 designatum,
497 2578 527 2634 et
539 2577 600 2635 hoc
613 2589 768 2659 consessu
777 2575 817 2633 sit
831 2573 1034 2647 puniendum.
1054 2593 1066 2623 o
1083 2572 1162 2642 Quid
1176 2572 1250 2630 inde

150 2694 357 2765 consequatur
374 2693 465 2754 facite
478 2697 612 2768 apparet.
625 2694 837 2754 severissimas
852 2706 961 2767 poenos
976 2692 1009 2750 in
1026 2705 1249 2768 quamcumque

150 2813 253 2872 duello
272 2814 402 2873 mixtum
419 2828 485 2874 esse
505 2815 694 2887 constiterit,
711 2817 774 2874 sive
795 2815 846 2873 ille
865 2813 1020 2871 inanimo
1041 2825 1178 2886 pugnare
1192 2812 1245 2869 ha-

150 2935 263 3008 buerit,
280 2936 344 2994 sive
360 2936 455 2994 alium
464 2935 653 3009 incitaverit,
670 2934 836 3006 adjuverit,
854 2931 1006 3003 docuerit,
1025 2932 1172 3002 irrogatas
1182 2930 1247 2989 vult

151 3056 268 3112 noster.
656 3055 658 3059 ·

185 3175 256 3233 Ideo
272 3176 491 3236 cancellarium
506 3179 592 3247 rogat
608 3177 757 3247 otiosum
772 3174 811 3232 ad
828 3172 998 3233 coercenda
1013 3170 1114 3229 duella
1125 3181 1247 3240 sempor

150 3293 283 3366 adJuvet,
300 3304 453 3355 cameram
467 3298 501 3355 ut
517 3296 576 3368 ipsi
590 3296 707 3368 faveat,
723 3294 843 3353 nobiles
858 3305 966 3351 omnes
987 3289 1101 3362 Angtiae
1120 3291 1154 3346 ut
1174 3301 1242 3345 san-

148 3413 233 3484 guini
255 3428 310 3472 suo
330 3417 467 3487 parcant.
488 3408 850 3473 Desiderandum'tamen
870 3411 1026 3471 nobilibus
1045 3412 1244 3468 tantumsua-

150 3530 215 3589 deri
230 3546 270 3590 ne
290 3532 448 3592 incassum
467 3534 649 3605 moriantur,
667 3534 699 3590 in
715 3546 808 3591 causa
822 3531 1021 3604 plebeiorum.
1064 3575 1069 3584 .

185 3654 506 3727 decimumnonum,
524 3655 556 3712 in
572 3668 632 3727 quo
654 3653 761 3711 omnia
781 3652 910 3710 oratoris
934 3651 1115 3725 argumente
1139 3658 1245 3704 rursus

148 3781 354 3850 exponuntur,
365 3788 518 3848 poenaque
533 3770 708 3832 secundum*
719 3787 754 3830 ea
768 3771 924 3830 indicitur.
1040 3741 1043 3745 ⁵
1225 3851 1228 3853 Α

184 3899 211 3953 t.
230 3898 292 3956 Duo
313 3896 438 3969 quidem
461 3895 612 3968 precipue
633 3898 704 3952 sunt
728 3889 1021 3960 animadvertenda,
1043 3901 1135 3960 quam
1156 3900 1243 3945 accu-

150 4018 214 4072 rate
236 4017 352 4076 dividat
372 4021 510 4076 Baconus
531 4018 718 4087 orationem,
745 4017 895 4087 qnantum
914 4013 1015 4071 locum
1038 4009 1088 4066 dot
1109 4009 1243 4080 philoso-
1283 4066 1285 4070 ,

151 4137 245 4208 poia.

186 4256 291 4314 Nullus
313 4260 358 4313 est
375 4259 485 4315 ssaconi
505 4258 582 4315 liber
599 4257 650 4329 qui
666 4259 770 4314 exacta
785 4255 935 4312 divisione
956 4255 1064 4311 careat.
1083 4249 1245 4307 Utilitatem

149 4375 235 4432 onim
252 4379 322 4434 ante
338 4377 610 4449 omoiaamotexus
621 4379 734 4447 nostor,
754 4376 798 4434 nii
809 4373 948 4434 inutilius
965 4385 1029 4430 osso
1051 4371 1141 4429 sentit
1153 4383 1245 4442 quum
