2782 4868
603 334 792 398 -los-

147 485 274 559 nebant,
290 486 345 545 sed
359 486 398 545 ad
414 487 526 546 statum
541 487 670 563 oinium,
683 489 709 547 si
723 489 792 563 quis
807 488 844 548 (ie
858 486 967 548 ordine
983 489 1179 566 dejiceretur,
1193 493 1249 550 aut

147 602 187 697 nti
206 602 479 677 existimationem,
496 604 522 662 si
537 605 606 677 quis
621 606 780 664 notaretur
797 605 885 680 111111,
902 605 988 665 nulla
1011 607 1166 667 renuntia
1176 607 1251 682 jure

145 719 218 792 lata,
230 720 268 779 rie
283 721 364 779 statu
378 721 524 795 depulsus
539 725 615 793 erat,
630 722 670 782 ab
685 723 836 797 populum
850 724 969 796 poterat
983 736 1173 797 provocare:
1188 739 1248 800 pu·

145 837 233 896 bliou
248 840 350 897 autem
360 853 458 898 causa
468 842 615 902 omnibus
625 842 658 901 in
669 842 842 913 civitatibus
856 843 896 903 ad
910 843 1060 931 populum
1070 843 1248 905 deferenda

146 959 245 1032 erant,
260 971 318 1019 neo
331 960 385 1020 llla
398 962 529 1021 minima
543 977 616 1037 pars
631 964 780 1024 libertatis
796 978 862 1024 esse
877 964 1038 1026 videbatur
1049 963 1103 1038 (1).
1118 966 1248 1024 pretori

146 1075 223 1147 legis
237 1090 349 1138 annum
359 1079 493 1146 terenda
508 1082 644 1154 potestas
654 1081 723 1142 ideo
734 1081 840 1156 potus
852 1095 912 1140 usu
926 1081 1076 1155 permissa
1091 1095 1187 1156 quam
1201 1081 1247 1141 le·

146 1198 235 1270 gibus
250 1200 326 1295 ipsis
341 1201 495 1278 (tutatust,
515 1203 587 1276 quia
595 1204 748 1277 principio
764 1204 872 1264 durius
887 1205 951 1264 erat
961 1203 1013 1278 jus
1027 1203 1119 1265 civile
1132 1207 1247 1266 itoma-

145 1330 223 1376 num
238 1319 268 1378 et
278 1320 453 1395 angustius,
464 1322 664 1395 paucissimas
678 1337 785 1384 causas
796 1325 970 1398 amplexum
979 1323 1250 1398 paucissimosque

144 1437 288 1498 homines
304 1457 312 1495 =
328 1439 382 1500 nbi
399 1440 450 1513 jus
470 1445 517 1501 est
536 1443 624 1503 civile
644 1443 720 1502 satis
736 1443 871 1517 equitati
892 1445 922 1501 et
942 1441 1056 1502 rationi
1077 1443 1243 1503 consenta-

146 1570 256 1630 neum,
270 1570 336 1618 non
347 1573 425 1633 opus
440 1562 486 1621 est
495 1562 871 1636 praetoriajnrisdictione.

180 1683 318 1756 Longum
328 1681 567 1742 parliamentum
582 1696 735 1743 cameram
752 1682 915 1757 stellatam,
931 1681 964 1740 iri
984 1683 1046 1754 est,
1064 1682 1243 1742 censoriam

145 1800 264 1858 curiam
278 1799 419 1875 sustulit,
439 1799 632 1873 cancellarii,
652 1801 684 1858 id
700 1803 760 1874 est,
776 1800 952 1872 praetoriam
961 1799 1084 1865 buriam
1097 1801 1248 1861 servavit,

147 1922 225 1979 sane
235 1920 332 1978 multo
342 1919 479 1992 iniquius
494 1922 523 1977 et
537 1919 645 1978 durius
655 1922 702 1977 est
715 1932 824 1992 noenas
839 1933 931 1992 quam
944 1918 995 1992 ius
1006 1918 1094 1978 civile
1114 1917 1249 1978 arbitrio

145 2038 284 2111 judicum
299 2038 430 2112 relinqui
447 2058 454 2096 ε
470 2052 591 2098 camera
606 2038 725 2098 stellata
745 2039 872 2098 nomine
889 2039 1000 2112 prisea,
1018 2050 1051 2097 re
1069 2050 1152 2097 nova
1166 2040 1249 2100 erat.

147 2158 330 2232 usqueadeo
345 2158 384 2218 ab
393 2158 523 2218 ilenrico
533 2161 581 2217 llll
597 2162 627 2218 et
641 2172 660 2218 a
675 2158 796 2230 regibus
806 2157 859 2230 qui
873 2158 907 2216 in
922 2158 1026 2218 locum
1036 2157 1102 2231 ejus
1121 2169 1248 2216 sueces-

148 2292 214 2337 sere
224 2282 313 2339 aucta
331 2281 408 2339 erat!
426 2279 605 2341 cancellarii
617 2281 703 2340 ouria
713 2280 842 2340 omnino
858 2281 961 2354 retus,
971 2281 1007 2338 ut
1017 2277 1082 2362 jam
1096 2279 1131 2337 in
1141 2277 1248 2352 reipu-

147 2398 234 2458 blioae
258 2400 359 2460 forma
383 2413 454 2474 pars
469 2401 552 2460 haud
572 2415 667 2474 parva
681 2415 747 2460 esse
769 2400 934 2461 videretur.
955 2400 1101 2458 Praeterea
1123 2397 1184 2458 boe
1211 2400 1250 2457 in

148 2519 241 2576 curiis
257 2520 408 2592 nouitatis
423 2520 488 2580 fieri
500 2523 587 2596 solet,
603 2535 660 2580 neo
674 2522 778 2580 minus
797 2521 831 2580 in
846 2519 1021 2580 oanoellarii
1034 2518 1131 2592 curia,
1148 2533 1249 2592 quam

148 2639 231 2712 apud
246 2641 407 2715 pretores,
428 2643 512 2716 quod
531 2642 613 2714 leges
632 2642 783 2715 quasdam
798 2641 856 2700 sibi
875 2641 977 2700 ierunt
996 2640 1093 2699 uerus
1107 2641 1137 2697 et
1150 2652 1249 2699 eons-

148 2759 259 2831 tantes‚
277 2773 345 2832 quae
359 2758 486 2818 arbitrio
498 2758 868 2832 suominusrelinquant.
981 2813 982 2816 ,

183 2876 263 2936 Nihil
279 2878 317 2936 rie
338 2877 424 2937 ouria
442 2878 641 2938 dominorum
657 2876 855 2936 scribendum
869 2875 1046 2935 censuimus
1067 2894 1076 2932 t
1095 2875 1191 2934 semel
1206 2877 1251 2937 de

148 2996 202 3054 illa
214 2996 308 3055 verba
320 2996 538 3056 iecitbaeonus
548 2996 632 3054 buno
643 2995 676 3052 in
691 2994 837 3053 modum:
856 3014 868 3044 1
885 2995 996 3052 Vestrae
1011 2991 1249 3055 nominationes

152 3137 164 3168 1
186 3130 249 3176 non
265 3117 337 3175 sunt
350 3117 427 3176 meri
438 3115 569 3190 judiees,
581 3115 636 3174 seri
648 3111 1034 3188 parliamentariijuoioes:
1046 3113 1133 3173 robis
1148 3111 1249 3173 latius

154 3259 165 3287 1
186 3240 268 3310 patet
292 3238 470 3312 arbitrium,
495 3251 587 3312 quam
601 3235 711 3296 oeteris
723 3235 817 3295 ouriis
836 3254 844 3292 ε
860 3236 961 3307 atque,
977 3233 1004 3290 si
1019 3234 1130 3292 vestrae
1138 3234 1246 3294 Domi·

152 3377 167 3407 a
187 3358 328 3416 nationes
342 3358 508 3419 ordinariis
523 3358 693 3417 rationibus
710 3357 865 3436 curiarum
885 3355 933 3418 vel
950 3369 1089 3424 morum,
1104 3355 1189 3428 quoti
1202 3357 1246 3416 ari

154 3497 166 3528 1
188 3475 319 3547 rigorem
345 3479 376 3534 et
392 3477 583 3536 severitatem
603 3476 730 3542 attinet,
752 3475 834 3533 baud
867 3473 1006 3546 obligata
1032 3476 1123 3546 sunt,
1143 3474 1247 3534 multo

155 3597 292 3657 «minus
311 3597 434 3670 quidem
447 3635 457 3670 ,¹
482 3597 564 3671 qnod
591 3597 631 3656 ari
655 3597 898 3656 misericordiam
923 3597 953 3654 ot
974 3597 1012 3655 ab
1031 3596 1244 3656 mansuetudi-

156 3740 168 3770 «
189 3732 261 3778 nem
277 3716 331 3792 (it.
350 3740 361 3769 ι
379 3719 434 3778 llla
448 3720 549 3777 antem
566 3719 605 3778 de
615 3733 648 3778 se
665 3732 719 3778 reo
735 3718 811 3776 dixit
830 3721 992 3777 baconus:
1008 3728 1101 3775 eausa
1114 3728 1188 3775 vero
1203 3714 1247 3774 ils

154 3840 363 3898 auctoritatem
379 3852 500 3898 omnem
513 3839 630 3898 auferre
647 3838 722 3895 mibi
743 3837 873 3895 videtur.

188 4201 223 4267 li)
242 4201 324 4265 Plato,
341 4201 375 4254 De
385 4201 511 4272 leuibus,
524 4218 561 4256 11.
576 4233 608 4240 --
622 4202 1068 4272 10111131ᾳυί111,Εεῃ11111111011.
1083 4202 1156 4266 111,
1171 4217 1194 4259 r.
1210 4218 1240 4257 1.

189 4292 226 4355 tt)
245 4290 296 4347 ibo
308 4305 434 4358 passages
447 4294 474 4347 in
487 4293 642 4349 larliament
656 4296 758 4360 against
769 4295 862 4350 Baton.
