<?xml version="1.0" encoding="UTF-8"?>
<!DOCTYPE html PUBLIC "-//W3C//DTD XHTML 1.0 Transitional//EN"
    "http://www.w3.org/TR/xhtml1/DTD/xhtml1-transitional.dtd">
<html xmlns="http://www.w3.org/1999/xhtml" xml:lang="en" lang="en">
 <head>
  <title>
</title>
<meta http-equiv="Content-Type" content="text/html;charset=utf-8" />
  <meta name='ocr-system' content='tesseract 3.04.00' />
  <meta name='ocr-capabilities' content='ocr_page ocr_carea ocr_par ocr_line ocrx_word'/>
</head>
<body>
  <div class='ocr_page' id='page_1' title='image "./dejureapudfranc00desjgoog_0139.png"; bbox 0 0 2782 4868; ppageno 0'>
   <div class='ocr_carea' id='block_1_1' title="bbox 586 340 773 405">
    <p class='ocr_par' dir='ltr' id='par_1_1' title="bbox 586 340 773 405">
     <span class='ocr_line' id='line_1_1' title="bbox 586 340 773 405; baseline 0.011 -3"><span class='ocrx_word' id='word_1_1' title='bbox 586 340 773 405; x_wconf 74' lang='lat' dir='ltr'>-tso-</span> 
     </span>
    </p>
   </div>
   <div class='ocr_carea' id='block_1_2' title="bbox 144 485 1254 3800">
    <p class='ocr_par' dir='ltr' id='par_1_2' title="bbox 144 485 1238 799">
     <span class='ocr_line' id='line_1_2' title="bbox 144 485 1238 574; baseline 0 -15"><span class='ocrx_word' id='word_1_2' title='bbox 144 485 216 574; x_wconf 78' lang='lat' dir='ltr'>¹oars</span> <span class='ocrx_word' id='word_1_3' title='bbox 231 499 371 572; x_wconf 77' lang='lat' dir='ltr'><strong>quadam</strong></span> <span class='ocrx_word' id='word_1_4' title='bbox 385 497 450 555; x_wconf 90' lang='lat' dir='ltr'>erat</span> <span class='ocrx_word' id='word_1_5' title='bbox 459 495 642 554; x_wconf 76' lang='lat' dir='ltr'><strong>existimatio</strong></span> <span class='ocrx_word' id='word_1_6' title='bbox 656 509 758 569; x_wconf 81' lang='lat' dir='ltr'>noque</span> <span class='ocrx_word' id='word_1_7' title='bbox 767 509 823 556; x_wconf 93' lang='lat' dir='ltr'>suo</span> <span class='ocrx_word' id='word_1_8' title='bbox 835 495 867 554; x_wconf 91' lang='lat' dir='ltr'>in</span> <span class='ocrx_word' id='word_1_9' title='bbox 883 496 965 556; x_wconf 86' lang='lat' dir='ltr'>statu</span> <span class='ocrx_word' id='word_1_10' title='bbox 978 509 1104 558; x_wconf 88' lang='lat' dir='ltr'>manere</span> <span class='ocrx_word' id='word_1_11' title='bbox 1119 500 1238 561; x_wconf 84' lang='lat' dir='ltr'>solebat</span> 
     </span>
     <span class='ocr_line' id='line_1_3' title="bbox 145 611 1238 704; baseline 0.003 -26"><span class='ocrx_word' id='word_1_12' title='bbox 145 619 198 692; x_wconf 85' lang='lat' dir='ltr'>qui</span> <span class='ocrx_word' id='word_1_13' title='bbox 212 611 390 690; x_wconf 82' lang='lat' dir='ltr'>notabatur3</span> <span class='ocrx_word' id='word_1_14' title='bbox 408 616 489 690; x_wconf 83' lang='lat' dir='ltr'><strong>apud</strong></span> <span class='ocrx_word' id='word_1_15' title='bbox 505 615 687 704; x_wconf 71' lang='lat' dir='ltr'>recentiores</span> <span class='ocrx_word' id='word_1_16' title='bbox 701 630 765 676; x_wconf 87' lang='lat' dir='ltr'>non</span> <span class='ocrx_word' id='word_1_17' title='bbox 782 628 850 675; x_wconf 87' lang='lat' dir='ltr'>eam</span> <span class='ocrx_word' id='word_1_18' title='bbox 865 630 930 676; x_wconf 92' lang='lat' dir='ltr'>esse</span> <span class='ocrx_word' id='word_1_19' title='bbox 946 631 1014 676; x_wconf 84' lang='lat' dir='ltr'>reor</span> <span class='ocrx_word' id='word_1_20' title='bbox 1024 633 1091 692; x_wconf 85' lang='lat' dir='ltr'>quse</span> <span class='ocrx_word' id='word_1_21' title='bbox 1102 620 1238 682; x_wconf 89' lang='lat' dir='ltr'>muitum</span> 
     </span>
     <span class='ocr_line' id='line_1_4' title="bbox 146 734 254 799; baseline -0.019 0"><span class='ocrx_word' id='word_1_22' title='bbox 146 734 254 799; x_wconf 81' lang='lat' dir='ltr'>voleat.</span> 
     </span>
    </p>

    <p class='ocr_par' dir='ltr' id='par_1_3' title="bbox 146 855 1247 2829">
     <span class='ocr_line' id='line_1_5' title="bbox 180 855 1241 931; baseline -0.003 -14"><span class='ocrx_word' id='word_1_23' title='bbox 180 861 247 917; x_wconf 91' lang='lat' dir='ltr'>Non</span> <span class='ocrx_word' id='word_1_24' title='bbox 262 859 369 916; x_wconf 87' lang='lat' dir='ltr'>autem</span> <span class='ocrx_word' id='word_1_25' title='bbox 379 857 479 915; x_wconf 85' lang='lat' dir='ltr'>curias</span> <span class='ocrx_word' id='word_1_26' title='bbox 495 855 664 928; x_wconf 83' lang='lat' dir='ltr'>censorias,</span> <span class='ocrx_word' id='word_1_27' title='bbox 682 857 830 928; x_wconf 84' lang='lat' dir='ltr'>tanquam</span> <span class='ocrx_word' id='word_1_28' title='bbox 844 857 1022 931; x_wconf 76' lang='lat' dir='ltr'>oratorias,</span> <span class='ocrx_word' id='word_1_29' title='bbox 1037 857 1089 914; x_wconf 87' lang='lat' dir='ltr'>hie</span> <span class='ocrx_word' id='word_1_30' title='bbox 1098 857 1241 916; x_wconf 81' lang='lat' dir='ltr'>hortatur</span> 
     </span>
     <span class='ocr_line' id='line_1_6' title="bbox 146 972 1242 1048; baseline -0.001 -12"><span class='ocrx_word' id='word_1_31' title='bbox 146 981 286 1036; x_wconf 83' lang='lat' dir='ltr'>Baeonus</span> <span class='ocrx_word' id='word_1_32' title='bbox 298 978 333 1034; x_wconf 92' lang='lat' dir='ltr'>ut</span> <span class='ocrx_word' id='word_1_33' title='bbox 347 976 406 1034; x_wconf 83' lang='lat' dir='ltr'>sibi</span> <span class='ocrx_word' id='word_1_34' title='bbox 422 975 542 1046; x_wconf 74' lang='lat' dir='ltr'>regulas</span> <span class='ocrx_word' id='word_1_35' title='bbox 554 976 651 1034; x_wconf 85' lang='lat' dir='ltr'>certas</span> <span class='ocrx_word' id='word_1_36' title='bbox 665 977 804 1048; x_wconf 83' lang='lat' dir='ltr'>ponant:</span> <span class='ocrx_word' id='word_1_37' title='bbox 821 977 956 1034; x_wconf 78' lang='lat' dir='ltr'>attamen</span> <span class='ocrx_word' id='word_1_38' title='bbox 970 988 1035 1035; x_wconf 90' lang='lat' dir='ltr'>non</span> <span class='ocrx_word' id='word_1_39' title='bbox 1050 972 1158 1034; x_wconf 85' lang='lat' dir='ltr'>minus</span> <span class='ocrx_word' id='word_1_40' title='bbox 1167 977 1242 1035; x_wconf 88' lang='lat' dir='ltr'>utile</span> 
     </span>
     <span class='ocr_line' id='line_1_7' title="bbox 146 1094 1240 1170; baseline 0.002 -16"><span class='ocrx_word' id='word_1_41' title='bbox 146 1098 203 1154; x_wconf 87' lang='lat' dir='ltr'>est.</span> <span class='ocrx_word' id='word_1_42' title='bbox 219 1098 323 1169; x_wconf 89' lang='lat' dir='ltr'>ipsum</span> <span class='ocrx_word' id='word_1_43' title='bbox 344 1095 437 1167; x_wconf 82' lang='lat' dir='ltr'>igitur</span> <span class='ocrx_word' id='word_1_44' title='bbox 457 1095 539 1169; x_wconf 82' lang='lat' dir='ltr'><strong>apud</strong></span> <span class='ocrx_word' id='word_1_45' title='bbox 559 1100 714 1155; x_wconf 87' lang='lat' dir='ltr'>Baeonum</span> <span class='ocrx_word' id='word_1_46' title='bbox 740 1096 873 1169; x_wconf 75' lang='lat' dir='ltr'><strong>reperias</strong></span> <span class='ocrx_word' id='word_1_47' title='bbox 892 1096 1027 1156; x_wconf 80' lang='lat' dir='ltr'>edietum</span> <span class='ocrx_word' id='word_1_48' title='bbox 1046 1094 1240 1170; x_wconf 82' lang='lat' dir='ltr'><strong>quoddama</strong></span> 
     </span>
     <span class='ocr_line' id='line_1_8' title="bbox 148 1188 1239 1288; baseline 0.003 -16"><span class='ocrx_word' id='word_1_49' title='bbox 148 1218 272 1273; x_wconf 80' lang='lat' dir='ltr'>camera</span> <span class='ocrx_word' id='word_1_50' title='bbox 287 1215 405 1273; x_wconf 88' lang='lat' dir='ltr'>stellata</span> <span class='ocrx_word' id='word_1_51' title='bbox 420 1215 459 1273; x_wconf 77' lang='lat' dir='ltr'>tie</span> <span class='ocrx_word' id='word_1_52' title='bbox 474 1214 592 1283; x_wconf 86' lang='lat' dir='ltr'>duello,</span> <span class='ocrx_word' id='word_1_53' title='bbox 608 1216 734 1285; x_wconf 77' lang='lat' dir='ltr'>rogante</span> <span class='ocrx_word' id='word_1_54' title='bbox 747 1214 802 1273; x_wconf 91' lang='lat' dir='ltr'>illo</span> <span class='ocrx_word' id='word_1_55' title='bbox 812 1188 950 1288; x_wconf 44' lang='lat' dir='ltr'>qnantum</span> <span class='ocrx_word' id='word_1_56' title='bbox 968 1235 975 1272; x_wconf 91' lang='lat'>:</span> <span class='ocrx_word' id='word_1_57' title='bbox 994 1201 1156 1282; x_wconf 73' lang='lat' dir='ltr'>«tcamera</span> <span class='ocrx_word' id='word_1_58' title='bbox 1170 1217 1239 1275; x_wconf 87' lang='lat' dir='ltr'>stei-</span> 
     </span>
     <span class='ocr_line' id='line_1_9' title="bbox 151 1310 1239 1408; baseline 0.004 -15"><span class='ocrx_word' id='word_1_59' title='bbox 151 1357 163 1385; x_wconf 71' lang='lat' dir='ltr'>n</span> <span class='ocrx_word' id='word_1_60' title='bbox 184 1335 258 1399; x_wconf 82' lang='lat' dir='ltr'><strong>lata)</strong></span> <span class='ocrx_word' id='word_1_61' title='bbox 277 1334 429 1407; x_wconf 88' lang='lat' dir='ltr'>promittit</span> <span class='ocrx_word' id='word_1_62' title='bbox 448 1316 575 1408; x_wconf 81' lang='lat' dir='ltr'>insuper</span> <span class='ocrx_word' id='word_1_63' title='bbox 598 1349 724 1394; x_wconf 90' lang='lat' dir='ltr'>omnem</span> <span class='ocrx_word' id='word_1_64' title='bbox 748 1310 1054 1408; x_wconf 68' lang='lat' dir='ltr'>saumata-generali</span> <span class='ocrx_word' id='word_1_65' title='bbox 1075 1338 1126 1395; x_wconf 87' lang='lat' dir='ltr'>his</span> <span class='ocrx_word' id='word_1_66' title='bbox 1142 1339 1176 1396; x_wconf 89' lang='lat' dir='ltr'>in</span> <span class='ocrx_word' id='word_1_67' title='bbox 1192 1353 1239 1397; x_wconf 86' lang='lat' dir='ltr'>oa-</span> 
     </span>
     <span class='ocr_line' id='line_1_10' title="bbox 153 1442 1243 1545; baseline 0.004 -33"><span class='ocrx_word' id='word_1_68' title='bbox 153 1477 163 1505; x_wconf 73' lang='lat'>«</span> <span class='ocrx_word' id='word_1_69' title='bbox 185 1455 271 1515; x_wconf 82' lang='lat' dir='ltr'>sibus</span> <span class='ocrx_word' id='word_1_70' title='bbox 281 1442 394 1530; x_wconf 64' lang='lat' dir='ltr'>opem}</span> <span class='ocrx_word' id='word_1_71' title='bbox 410 1457 499 1527; x_wconf 88' lang='lat' dir='ltr'>atque</span> <span class='ocrx_word' id='word_1_72' title='bbox 512 1454 545 1512; x_wconf 92' lang='lat' dir='ltr'>in</span> <span class='ocrx_word' id='word_1_73' title='bbox 561 1469 593 1513; x_wconf 91' lang='lat' dir='ltr'>se</span> <span class='ocrx_word' id='word_1_74' title='bbox 608 1454 736 1528; x_wconf 80' lang='lat' dir='ltr'>suscipit</span> <span class='ocrx_word' id='word_1_75' title='bbox 750 1456 909 1530; x_wconf 85' lang='lat' dir='ltr'>omnium,</span> <span class='ocrx_word' id='word_1_76' title='bbox 929 1457 982 1529; x_wconf 86' lang='lat' dir='ltr'>qui</span> <span class='ocrx_word' id='word_1_77' title='bbox 1001 1456 1105 1530; x_wconf 85' lang='lat' dir='ltr'><strong>aliqua</strong></span> <span class='ocrx_word' id='word_1_78' title='bbox 1126 1457 1243 1545; x_wconf 85' lang='lat' dir='ltr'>injuria</span> 
     </span>
     <span class='ocr_line' id='line_1_11' title="bbox 151 1544 1243 1649; baseline 0.006 -17"><span class='ocrx_word' id='word_1_79' title='bbox 151 1573 372 1645; x_wconf 82' lang='lat' dir='ltr'>«afficiuntur,</span> <span class='ocrx_word' id='word_1_80' title='bbox 388 1575 535 1648; x_wconf 86' lang='lat' dir='ltr'>injuriam</span> <span class='ocrx_word' id='word_1_81' title='bbox 549 1577 578 1634; x_wconf 91' lang='lat' dir='ltr'>et</span> <span class='ocrx_word' id='word_1_82' title='bbox 597 1575 816 1649; x_wconf 70' lang='lat' dir='ltr'>ignominiam</span> <span class='ocrx_word' id='word_1_83' title='bbox 831 1544 938 1648; x_wconf 82' lang='lat' dir='ltr'>utpote</span> <span class='ocrx_word' id='word_1_84' title='bbox 954 1590 1115 1637; x_wconf 81' lang='lat' dir='ltr'>exsecrans</span> <span class='ocrx_word' id='word_1_85' title='bbox 1137 1580 1243 1639; x_wconf 83' lang='lat' dir='ltr'>duella</span> 
     </span>
     <span class='ocr_line' id='line_1_12' title="bbox 152 1666 1244 1771; baseline 0.004 -17"><span class='ocrx_word' id='word_1_86' title='bbox 152 1717 163 1745; x_wconf 71' lang='lat' dir='ltr'>s</span> <span class='ocrx_word' id='word_1_87' title='bbox 185 1681 290 1754; x_wconf 87' lang='lat' dir='ltr'>omnia</span> <span class='ocrx_word' id='word_1_88' title='bbox 305 1708 371 1768; x_wconf 80' lang='lat' dir='ltr'>qua</span> <span class='ocrx_word' id='word_1_89' title='bbox 386 1709 471 1754; x_wconf 87' lang='lat' dir='ltr'>nuno</span> <span class='ocrx_word' id='word_1_90' title='bbox 484 1694 563 1753; x_wconf 89' lang='lat' dir='ltr'>iiunt</span> <span class='ocrx_word' id='word_1_91' title='bbox 576 1696 606 1754; x_wconf 90' lang='lat' dir='ltr'>et</span> <span class='ocrx_word' id='word_1_92' title='bbox 620 1694 741 1755; x_wconf 82' lang='lat' dir='ltr'>diversa</span> <span class='ocrx_word' id='word_1_93' title='bbox 756 1666 881 1754; x_wconf 84' lang='lat' dir='ltr'>suntab</span> <span class='ocrx_word' id='word_1_94' title='bbox 897 1695 936 1754; x_wconf 91' lang='lat' dir='ltr'>iis</span> <span class='ocrx_word' id='word_1_95' title='bbox 952 1673 1019 1768; x_wconf 76' lang='lat' dir='ltr'>ouae</span> <span class='ocrx_word' id='word_1_96' title='bbox 1033 1677 1244 1771; x_wconf 86' lang='lat' dir='ltr'>permiserunt</span> 
     </span>
     <span class='ocr_line' id='line_1_13' title="bbox 151 1786 1243 1890; baseline 0.013 -25"><span class='ocrx_word' id='word_1_97' title='bbox 151 1835 164 1865; x_wconf 70' lang='lat' dir='ltr'><strong>u</strong></span> <span class='ocrx_word' id='word_1_98' title='bbox 184 1815 357 1886; x_wconf 81' lang='lat' dir='ltr'>Anglioanae</span> <span class='ocrx_word' id='word_1_99' title='bbox 368 1815 464 1887; x_wconf 83' lang='lat' dir='ltr'>leges,</span> <span class='ocrx_word' id='word_1_100' title='bbox 480 1814 645 1887; x_wconf 81' lang='lat' dir='ltr'>injustitia</span> <span class='ocrx_word' id='word_1_101' title='bbox 657 1786 785 1873; x_wconf 86' lang='lat' dir='ltr'>examen</span> <span class='ocrx_word' id='word_1_102' title='bbox 797 1816 826 1874; x_wconf 93' lang='lat' dir='ltr'>et</span> <span class='ocrx_word' id='word_1_103' title='bbox 837 1814 1057 1875; x_wconf 81' lang='lat' dir='ltr'>documentum</span> <span class='ocrx_word' id='word_1_104' title='bbox 1069 1816 1123 1890; x_wconf 76' lang='lat' dir='ltr'>(it.</span> <span class='ocrx_word' id='word_1_105' title='bbox 1144 1839 1157 1869; x_wconf 72' lang='lat' dir='ltr'>s</span> <span class='ocrx_word' id='word_1_106' title='bbox 1176 1822 1243 1878; x_wconf 86' lang='lat' dir='ltr'>Non</span> 
     </span>
     <span class='ocr_line' id='line_1_14' title="bbox 151 1933 1244 2007; baseline 0.005 -15"><span class='ocrx_word' id='word_1_107' title='bbox 151 1935 256 1994; x_wconf 83' lang='lat' dir='ltr'>no&#39;sier</span> <span class='ocrx_word' id='word_1_108' title='bbox 271 1935 303 1991; x_wconf 88' lang='lat' dir='ltr'>in</span> <span class='ocrx_word' id='word_1_109' title='bbox 319 1935 507 1991; x_wconf 69' lang='lat' dir='ltr'>sermonibus</span> <span class='ocrx_word' id='word_1_110' title='bbox 516 1933 650 2007; x_wconf 76' lang='lat' dir='ltr'>fidelibus</span> <span class='ocrx_word' id='word_1_111' title='bbox 661 1935 703 2007; x_wconf 73' lang='lat' dir='ltr'>(t)</span> <span class='ocrx_word' id='word_1_112' title='bbox 717 1935 849 1994; x_wconf 86' lang='lat' dir='ltr'>seribere</span> <span class='ocrx_word' id='word_1_113' title='bbox 864 1935 1014 1996; x_wconf 85' lang='lat' dir='ltr'>dubitavit</span> <span class='ocrx_word' id='word_1_114' title='bbox 1030 1956 1037 1993; x_wconf 75' lang='grc' dir='ltr'><strong>ε</strong></span> <span class='ocrx_word' id='word_1_115' title='bbox 1057 1958 1068 1987; x_wconf 76' lang='lat' dir='ltr'>n</span> <span class='ocrx_word' id='word_1_116' title='bbox 1085 1940 1244 1998; x_wconf 84' lang='lat' dir='ltr'>Contendo</span> 
     </span>
     <span class='ocr_line' id='line_1_15' title="bbox 156 2034 1243 2133; baseline 0.011 -29"><span class='ocrx_word' id='word_1_117' title='bbox 156 2077 168 2104; x_wconf 73' lang='lat' dir='ltr'>u</span> <span class='ocrx_word' id='word_1_118' title='bbox 188 2054 222 2111; x_wconf 93' lang='lat' dir='ltr'>ut</span> <span class='ocrx_word' id='word_1_119' title='bbox 237 2036 305 2133; x_wconf 77' lang='lat' dir='ltr'>qua</span> <span class='ocrx_word' id='word_1_120' title='bbox 318 2053 383 2124; x_wconf 83' lang='lat' dir='ltr'><strong>agis</strong></span> <span class='ocrx_word' id='word_1_121' title='bbox 402 2066 459 2125; x_wconf 82' lang='lat' dir='ltr'>pro</span> <span class='ocrx_word' id='word_1_122' title='bbox 480 2053 628 2126; x_wconf 81' lang='lat' dir='ltr'>potestate</span> <span class='ocrx_word' id='word_1_123' title='bbox 650 2053 797 2126; x_wconf 86' lang='lat' dir='ltr'>tanquam</span> <span class='ocrx_word' id='word_1_124' title='bbox 820 2054 1138 2126; x_wconf 79' lang='lat' dir='ltr'>regulisquibustiam</span> <span class='ocrx_word' id='word_1_125' title='bbox 1152 2034 1243 2116; x_wconf 39' lang='lat' dir='ltr'>&#39;cohi-</span> 
     </span>
     <span class='ocr_line' id='line_1_16' title="bbox 154 2173 1246 2248; baseline 0.002 -15"><span class='ocrx_word' id='word_1_126' title='bbox 154 2198 165 2226; x_wconf 63' lang='grc' dir='ltr'>α</span> <span class='ocrx_word' id='word_1_127' title='bbox 186 2175 371 2248; x_wconf 84' lang='lat' dir='ltr'>beantur,ut</span> <span class='ocrx_word' id='word_1_128' title='bbox 383 2175 563 2233; x_wconf 82' lang='lat' dir='ltr'>hominibus</span> <span class='ocrx_word' id='word_1_129' title='bbox 582 2176 729 2247; x_wconf 75' lang='lat' dir='ltr'>tanquam</span> <span class='ocrx_word' id='word_1_130' title='bbox 745 2173 841 2244; x_wconf 83' lang='lat' dir='ltr'>digito</span> <span class='ocrx_word' id='word_1_131' title='bbox 859 2178 1013 2233; x_wconf 88' lang='lat' dir='ltr'>monstres</span> <span class='ocrx_word' id='word_1_132' title='bbox 1030 2175 1105 2248; x_wconf 83' lang='lat' dir='ltr'>quid</span> <span class='ocrx_word' id='word_1_133' title='bbox 1124 2175 1189 2234; x_wconf 87' lang='lat' dir='ltr'>illis</span> <span class='ocrx_word' id='word_1_134' title='bbox 1206 2177 1246 2235; x_wconf 91' lang='lat' dir='ltr'>sit</span> 
     </span>
     <span class='ocr_line' id='line_1_17' title="bbox 154 2293 1245 2385; baseline 0.004 -33"><span class='ocrx_word' id='word_1_135' title='bbox 154 2315 166 2344; x_wconf 68' lang='grc' dir='ltr'><strong><em>κ</em></strong></span> <span class='ocrx_word' id='word_1_136' title='bbox 187 2293 425 2366; x_wconf 75' lang='lat' dir='ltr'>exspectandum</span> <span class='ocrx_word' id='word_1_137' title='bbox 439 2313 449 2351; x_wconf 77' lang='lat' dir='ltr'>t</span> <span class='ocrx_word' id='word_1_138' title='bbox 465 2307 565 2366; x_wconf 90' lang='lat' dir='ltr'>neque</span> <span class='ocrx_word' id='word_1_139' title='bbox 576 2296 679 2352; x_wconf 90' lang='lat' dir='ltr'>tamen</span> <span class='ocrx_word' id='word_1_140' title='bbox 689 2293 822 2351; x_wconf 92' lang='lat' dir='ltr'>nimium</span> <span class='ocrx_word' id='word_1_141' title='bbox 833 2294 876 2352; x_wconf 91' lang='lat' dir='ltr'>sis</span> <span class='ocrx_word' id='word_1_142' title='bbox 885 2295 1023 2367; x_wconf 86' lang='lat' dir='ltr'>pertinax</span> <span class='ocrx_word' id='word_1_143' title='bbox 1038 2298 1245 2385; x_wconf 78' lang='lat' dir='ltr'>autperemp·</span> 
     </span>
     <span class='ocr_line' id='line_1_18' title="bbox 156 2396 1247 2489; baseline 0.005 -21"><span class='ocrx_word' id='word_1_144' title='bbox 156 2435 168 2462; x_wconf 74' lang='grc' dir='ltr'><strong>α</strong></span> <span class='ocrx_word' id='word_1_145' title='bbox 184 2412 300 2486; x_wconf 83' lang='lat' dir='ltr'>torius,</span> <span class='ocrx_word' id='word_1_146' title='bbox 317 2396 408 2483; x_wconf 86' lang='lat' dir='ltr'>atque</span> <span class='ocrx_word' id='word_1_147' title='bbox 424 2424 553 2485; x_wconf 77' lang='lat' dir='ltr'>semper,</span> <span class='ocrx_word' id='word_1_148' title='bbox 570 2426 665 2486; x_wconf 84' lang='lat' dir='ltr'><strong>quum</strong></span> <span class='ocrx_word' id='word_1_149' title='bbox 680 2424 698 2470; x_wconf 90' lang='lat' dir='ltr'><strong>a</strong></span> <span class='ocrx_word' id='word_1_150' title='bbox 714 2412 818 2483; x_wconf 76' lang='lat' dir='ltr'>segnia</span> <span class='ocrx_word' id='word_1_151' title='bbox 830 2413 1000 2489; x_wconf 84' lang='lat' dir='ltr'>recesseris,</span> <span class='ocrx_word' id='word_1_152' title='bbox 1016 2414 1090 2488; x_wconf 87' lang='lat' dir='ltr'>quid</span> <span class='ocrx_word' id='word_1_153' title='bbox 1105 2415 1145 2473; x_wconf 87' lang='lat' dir='ltr'>sit</span> <span class='ocrx_word' id='word_1_154' title='bbox 1160 2417 1247 2488; x_wconf 82' lang='lat' dir='ltr'>quod</span> 
     </span>
     <span class='ocr_line' id='line_1_19' title="bbox 154 2515 1246 2608; baseline 0.009 -23"><span class='ocrx_word' id='word_1_155' title='bbox 154 2553 167 2584; x_wconf 77' lang='lat' dir='ltr'><strong>a</strong></span> <span class='ocrx_word' id='word_1_156' title='bbox 188 2545 259 2602; x_wconf 83' lang='lat' dir='ltr'><strong>agas</strong></span> <span class='ocrx_word' id='word_1_157' title='bbox 270 2515 431 2603; x_wconf 82' lang='lat' dir='ltr'>diiigenter</span> <span class='ocrx_word' id='word_1_158' title='bbox 441 2546 567 2606; x_wconf 84' lang='lat' dir='ltr'>expone.</span> <span class='ocrx_word' id='word_1_159' title='bbox 586 2555 597 2584; x_wconf 76' lang='lat' dir='ltr'><strong>u</strong></span> <span class='ocrx_word' id='word_1_160' title='bbox 621 2536 687 2592; x_wconf 89' lang='lat' dir='ltr'>Non</span> <span class='ocrx_word' id='word_1_161' title='bbox 700 2530 907 2605; x_wconf 74' lang='lat' dir='ltr'>&#39;distinguitur</span> <span class='ocrx_word' id='word_1_162' title='bbox 922 2536 1024 2593; x_wconf 90' lang='lat' dir='ltr'>utrum</span> <span class='ocrx_word' id='word_1_163' title='bbox 1035 2551 1037 2555; x_wconf 52' lang='lat'><strong><em>¹</em></strong></span> <span class='ocrx_word' id='word_1_164' title='bbox 1047 2537 1192 2608; x_wconf 78' lang='lat' dir='ltr'>pretoria</span> <span class='ocrx_word' id='word_1_165' title='bbox 1206 2534 1246 2595; x_wconf 87' lang='lat' dir='ltr'>an</span> 
     </span>
     <span class='ocr_line' id='line_1_20' title="bbox 153 2651 1247 2726; baseline 0.006 -20"><span class='ocrx_word' id='word_1_166' title='bbox 153 2651 294 2709; x_wconf 82' lang='lat' dir='ltr'>censoria</span> <span class='ocrx_word' id='word_1_167' title='bbox 319 2651 358 2707; x_wconf 89' lang='lat' dir='ltr'>sit</span> <span class='ocrx_word' id='word_1_168' title='bbox 382 2652 485 2724; x_wconf 87' lang='lat' dir='ltr'>ouria,</span> <span class='ocrx_word' id='word_1_169' title='bbox 499 2655 603 2710; x_wconf 90' lang='lat' dir='ltr'>utrum</span> <span class='ocrx_word' id='word_1_170' title='bbox 626 2652 664 2711; x_wconf 85' lang='lat' dir='ltr'>de</span> <span class='ocrx_word' id='word_1_171' title='bbox 686 2653 788 2726; x_wconf 84' lang='lat' dir='ltr'>poenis</span> <span class='ocrx_word' id='word_1_172' title='bbox 809 2665 849 2711; x_wconf 90' lang='lat' dir='ltr'>an</span> <span class='ocrx_word' id='word_1_173' title='bbox 871 2652 917 2710; x_wconf 51' lang='lat' dir='ltr'>tie¹</span> <span class='ocrx_word' id='word_1_174' title='bbox 931 2654 999 2726; x_wconf 88' lang='lat' dir='ltr'>jure</span> <span class='ocrx_word' id='word_1_175' title='bbox 1021 2653 1103 2714; x_wconf 83' lang='lat' dir='ltr'>civili</span> <span class='ocrx_word' id='word_1_176' title='bbox 1124 2654 1247 2713; x_wconf 87' lang='lat' dir='ltr'>edenda</span> 
     </span>
     <span class='ocr_line' id='line_1_21' title="bbox 154 2766 756 2829; baseline 0.003 -2"><span class='ocrx_word' id='word_1_177' title='bbox 154 2768 263 2829; x_wconf 85' lang='lat' dir='ltr'>edicta.</span> <span class='ocrx_word' id='word_1_178' title='bbox 754 2766 756 2771; x_wconf 52' lang='lat'><strong>⁴</strong></span> 
     </span>
    </p>

    <p class='ocr_par' dir='ltr' id='par_1_4' title="bbox 153 2870 1254 3800">
     <span class='ocr_line' id='line_1_22' title="bbox 188 2870 1247 2966; baseline 0.001 -17"><span class='ocrx_word' id='word_1_179' title='bbox 188 2896 216 2951; x_wconf 81' lang='lat'>5.</span> <span class='ocrx_word' id='word_1_180' title='bbox 236 2893 379 2962; x_wconf 78' lang='lat' dir='ltr'><strong>Quadam</strong></span> <span class='ocrx_word' id='word_1_181' title='bbox 391 2870 530 2966; x_wconf 76' lang='lat' dir='ltr'>junicum</span> <span class='ocrx_word' id='word_1_182' title='bbox 555 2893 694 2952; x_wconf 90' lang='lat' dir='ltr'>omnium</span> <span class='ocrx_word' id='word_1_183' title='bbox 709 2891 886 2952; x_wconf 87' lang='lat' dir='ltr'>eommunia</span> <span class='ocrx_word' id='word_1_184' title='bbox 910 2891 996 2965; x_wconf 77' lang='lat' dir='ltr'>sunt,</span> <span class='ocrx_word' id='word_1_185' title='bbox 1014 2894 1044 2951; x_wconf 92' lang='lat' dir='ltr'>et</span> <span class='ocrx_word' id='word_1_186' title='bbox 1065 2892 1177 2951; x_wconf 85' lang='lat' dir='ltr'>horum</span> <span class='ocrx_word' id='word_1_187' title='bbox 1192 2894 1247 2965; x_wconf 89' lang='lat' dir='ltr'>qui</span> 
     </span>
     <span class='ocr_line' id='line_1_23' title="bbox 153 3009 1246 3087; baseline 0 -17"><span class='ocrx_word' id='word_1_188' title='bbox 153 3028 191 3070; x_wconf 80' lang='lat' dir='ltr'>ox</span> <span class='ocrx_word' id='word_1_189' title='bbox 204 3013 355 3087; x_wconf 81' lang='lat' dir='ltr'>equitate,</span> <span class='ocrx_word' id='word_1_190' title='bbox 371 3015 401 3071; x_wconf 91' lang='lat' dir='ltr'>et</span> <span class='ocrx_word' id='word_1_191' title='bbox 414 3013 538 3072; x_wconf 87' lang='lat' dir='ltr'>iliorum</span> <span class='ocrx_word' id='word_1_192' title='bbox 552 3014 605 3086; x_wconf 86' lang='lat' dir='ltr'>qui</span> <span class='ocrx_word' id='word_1_193' title='bbox 622 3014 737 3084; x_wconf 81' lang='lat' dir='ltr'>exlege</span> <span class='ocrx_word' id='word_1_194' title='bbox 753 3014 900 3071; x_wconf 90' lang='lat' dir='ltr'>statuunt.</span> <span class='ocrx_word' id='word_1_195' title='bbox 917 3016 1051 3082; x_wconf 83' lang='lat' dir='ltr'>Quomm</span> <span class='ocrx_word' id='word_1_196' title='bbox 1065 3009 1099 3067; x_wconf 94' lang='lat' dir='ltr'>in</span> <span class='ocrx_word' id='word_1_197' title='bbox 1113 3010 1246 3070; x_wconf 87' lang='lat' dir='ltr'>mentio·</span> 
     </span>
     <span class='ocr_line' id='line_1_24' title="bbox 154 3124 1248 3210; baseline -0.004 -22"><span class='ocrx_word' id='word_1_198' title='bbox 154 3143 226 3190; x_wconf 91' lang='lat' dir='ltr'>nem</span> <span class='ocrx_word' id='word_1_199' title='bbox 240 3129 349 3210; x_wconf 83' lang='lat' dir='ltr'>incidit</span> <span class='ocrx_word' id='word_1_200' title='bbox 362 3132 476 3205; x_wconf 84' lang='lat' dir='ltr'>noster,</span> <span class='ocrx_word' id='word_1_201' title='bbox 491 3144 546 3189; x_wconf 89' lang='lat' dir='ltr'>seu</span> <span class='ocrx_word' id='word_1_202' title='bbox 559 3131 597 3189; x_wconf 82' lang='lat' dir='ltr'>de</span> <span class='ocrx_word' id='word_1_203' title='bbox 615 3131 679 3204; x_wconf 85' lang='lat' dir='ltr'>his,</span> <span class='ocrx_word' id='word_1_204' title='bbox 699 3142 753 3188; x_wconf 91' lang='lat' dir='ltr'>seu</span> <span class='ocrx_word' id='word_1_205' title='bbox 767 3129 805 3187; x_wconf 76' lang='lat' dir='ltr'>tie</span> <span class='ocrx_word' id='word_1_206' title='bbox 819 3127 880 3186; x_wconf 90' lang='lat' dir='ltr'>iilis</span> <span class='ocrx_word' id='word_1_207' title='bbox 899 3127 1019 3186; x_wconf 87' lang='lat' dir='ltr'>loeutus</span> <span class='ocrx_word' id='word_1_208' title='bbox 1036 3141 1043 3178; x_wconf 92' lang='lat'><strong>:</strong></span> <span class='ocrx_word' id='word_1_209' title='bbox 1063 3147 1075 3176; x_wconf 77' lang='lat' dir='ltr'>s</span> <span class='ocrx_word' id='word_1_210' title='bbox 1092 3128 1169 3184; x_wconf 90' lang='lat' dir='ltr'>sunt</span> <span class='ocrx_word' id='word_1_211' title='bbox 1184 3124 1248 3196; x_wconf 81' lang='lat' dir='ltr'>(in-</span> 
     </span>
     <span class='ocr_line' id='line_1_25' title="bbox 158 3229 1251 3325; baseline -0.003 -17"><span class='ocrx_word' id='word_1_212' title='bbox 158 3271 169 3300; x_wconf 77' lang='lat' dir='ltr'>s</span> <span class='ocrx_word' id='word_1_213' title='bbox 190 3249 256 3323; x_wconf 86' lang='lat' dir='ltr'>quit</span> <span class='ocrx_word' id='word_1_214' title='bbox 268 3250 430 3325; x_wconf 82' lang='lat' dir='ltr'>Scriptura)</span> <span class='ocrx_word' id='word_1_215' title='bbox 447 3250 659 3324; x_wconf 77' lang='lat' dir='ltr'>quijudieium</span> <span class='ocrx_word' id='word_1_216' title='bbox 679 3244 800 3306; x_wconf 76' lang='lat' dir='ltr'>vertunt</span> <span class='ocrx_word' id='word_1_217' title='bbox 816 3251 850 3304; x_wconf 81' lang='lat' dir='ltr'>ta</span> <span class='ocrx_word' id='word_1_218' title='bbox 865 3246 1049 3317; x_wconf 58' lang='lat' dir='ltr'>antistitium</span> <span class='ocrx_word' id='word_1_219' title='bbox 1066 3229 1139 3304; x_wconf 71' lang='lat' dir='ltr'>Sunt</span> <span class='ocrx_word' id='word_1_220' title='bbox 1154 3246 1251 3305; x_wconf 80' lang='lat' dir='ltr'>stiam</span> 
     </span>
     <span class='ocr_line' id='line_1_26' title="bbox 159 3346 1253 3438; baseline -0.003 -14"><span class='ocrx_word' id='word_1_221' title='bbox 159 3388 170 3415; x_wconf 65' lang='lat' dir='ltr'><strong>i</strong></span> <span class='ocrx_word' id='word_1_222' title='bbox 191 3351 426 3438; x_wconf 69' lang='lat' dir='ltr'>certequssuuu</span> <span class='ocrx_word' id='word_1_223' title='bbox 439 3346 609 3428; x_wconf 72' lang='lat' dir='ltr'>verunt-in</span> <span class='ocrx_word' id='word_1_224' title='bbox 625 3369 743 3426; x_wconf 70' lang='lat' dir='ltr'>aueum</span> <span class='ocrx_word' id='word_1_225' title='bbox 760 3386 766 3424; x_wconf 66' lang='grc' dir='ltr'><strong>ι</strong></span> <span class='ocrx_word' id='word_1_226' title='bbox 784 3365 935 3438; x_wconf 69' lang='lat' dir='ltr'>injussus</span> <span class='ocrx_word' id='word_1_227' title='bbox 948 3365 1031 3423; x_wconf 79' lang='lat' dir='ltr'>enim</span> <span class='ocrx_word' id='word_1_228' title='bbox 1055 3363 1133 3421; x_wconf 84' lang='lat' dir='ltr'>niun</span> <span class='ocrx_word' id='word_1_229' title='bbox 1147 3362 1253 3421; x_wconf 80' lang='lat' dir='ltr'>renuit</span> 
     </span>
     <span class='ocr_line' id='line_1_27' title="bbox 161 3457 1253 3562; baseline -0.002 -18"><span class='ocrx_word' id='word_1_230' title='bbox 161 3509 173 3537; x_wconf 77' lang='grc' dir='ltr'>ιι</span> <span class='ocrx_word' id='word_1_231' title='bbox 193 3499 342 3559; x_wconf 82' lang='lat' dir='ltr'><strong>amarum,</strong></span> <span class='ocrx_word' id='word_1_232' title='bbox 354 3500 441 3546; x_wconf 87' lang='lat' dir='ltr'>mora</span> <span class='ocrx_word' id='word_1_233' title='bbox 455 3487 577 3546; x_wconf 85' lang='lat' dir='ltr'><strong>aeidum</strong></span> <span class='ocrx_word' id='word_1_234' title='bbox 588 3488 641 3562; x_wconf 78' lang='grc'>(3).</span> <span class='ocrx_word' id='word_1_235' title='bbox 660 3509 671 3538; x_wconf 77' lang='lat' dir='ltr'>o</span> <span class='ocrx_word' id='word_1_236' title='bbox 689 3492 786 3561; x_wconf 85' lang='lat' dir='ltr'><strong>Supra</strong></span> <span class='ocrx_word' id='word_1_237' title='bbox 800 3487 933 3546; x_wconf 83' lang='lat' dir='ltr'>vidimus</span> <span class='ocrx_word' id='word_1_238' title='bbox 947 3457 1097 3558; x_wconf 77' lang='lat' dir='ltr'>quantum</span> <span class='ocrx_word' id='word_1_239' title='bbox 1108 3490 1253 3542; x_wconf 84' lang='lat' dir='ltr'>aoourate</span> 
     </span>
     <span class='ocr_line' id='line_1_28' title="bbox 157 3600 1254 3697; baseline -0.005 -34"><span class='ocrx_word' id='word_1_240' title='bbox 157 3620 190 3664; x_wconf 92' lang='lat' dir='ltr'>se</span> <span class='ocrx_word' id='word_1_241' title='bbox 211 3607 372 3666; x_wconf 85' lang='lat' dir='ltr'>cauturum</span> <span class='ocrx_word' id='word_1_242' title='bbox 390 3606 569 3680; x_wconf 79' lang='lat' dir='ltr'>polliceatur</span> <span class='ocrx_word' id='word_1_243' title='bbox 593 3612 731 3666; x_wconf 85' lang='lat' dir='ltr'>Baoonus</span> <span class='ocrx_word' id='word_1_244' title='bbox 758 3618 816 3678; x_wconf 60' lang='lat' dir='ltr'>ne‚‘</span> <span class='ocrx_word' id='word_1_245' title='bbox 836 3617 950 3676; x_wconf 82' lang='lat' dir='ltr'>magno</span> <span class='ocrx_word' id='word_1_246' title='bbox 975 3600 1254 3697; x_wconf 23' lang='lat' dir='ltr'>eum-detrimento</span> 
     </span>
     <span class='ocr_line' id='line_1_29' title="bbox 158 3698 1252 3800; baseline -0.007 -15"><span class='ocrx_word' id='word_1_247' title='bbox 158 3727 301 3800; x_wconf 81' lang='lat' dir='ltr'>portium,</span> <span class='ocrx_word' id='word_1_248' title='bbox 317 3727 478 3787; x_wconf 85' lang='lat' dir='ltr'>trahantur</span> <span class='ocrx_word' id='word_1_249' title='bbox 492 3740 600 3787; x_wconf 77' lang='lat' dir='ltr'><strong>eausa.</strong></span> <span class='ocrx_word' id='word_1_250' title='bbox 616 3730 786 3798; x_wconf 84' lang='lat' dir='ltr'><strong>Numquam</strong></span> <span class='ocrx_word' id='word_1_251' title='bbox 800 3698 865 3783; x_wconf 88' lang='lat' dir='ltr'>non</span> <span class='ocrx_word' id='word_1_252' title='bbox 881 3723 980 3796; x_wconf 86' lang='lat' dir='ltr'>questi</span> <span class='ocrx_word' id='word_1_253' title='bbox 995 3723 1067 3780; x_wconf 89' lang='lat' dir='ltr'>sunt</span> <span class='ocrx_word' id='word_1_254' title='bbox 1081 3721 1163 3781; x_wconf 83' lang='lat' dir='ltr'>cives</span> <span class='ocrx_word' id='word_1_255' title='bbox 1179 3720 1252 3778; x_wconf 84' lang='lat' dir='ltr'>infi-</span> 
     </span>
    </p>
   </div>
   <div class='ocr_carea' id='block_1_3' title="bbox 195 4129 875 4380">
    <p class='ocr_par' dir='ltr' id='par_1_5' title="bbox 195 4129 875 4380">
     <span class='ocr_line' id='line_1_30' title="bbox 195 4129 875 4197; baseline -0.001 -14"><span class='ocrx_word' id='word_1_256' title='bbox 195 4135 223 4194; x_wconf 75' lang='lat' dir='ltr'>tit</span> <span class='ocrx_word' id='word_1_257' title='bbox 242 4131 329 4184; x_wconf 83' lang='lat' dir='ltr'>Oratio</span> <span class='ocrx_word' id='word_1_258' title='bbox 341 4133 435 4184; x_wconf 85' lang='lat' dir='ltr'>eontra</span> <span class='ocrx_word' id='word_1_259' title='bbox 444 4129 579 4184; x_wconf 85' lang='lat' dir='ltr'>tinellum.</span> <span class='ocrx_word' id='word_1_260' title='bbox 594 4131 735 4186; x_wconf 82' lang='lat' dir='ltr'>Decretum</span> <span class='ocrx_word' id='word_1_261' title='bbox 748 4131 875 4197; x_wconf 88' lang='lat' dir='ltr'>sequitur.</span> 
     </span>
     <span class='ocr_line' id='line_1_31' title="bbox 198 4222 609 4287; baseline -0.007 -13"><span class='ocrx_word' id='word_1_262' title='bbox 198 4224 227 4286; x_wconf 75' lang='lat' dir='ltr'>ti)</span> <span class='ocrx_word' id='word_1_263' title='bbox 248 4223 284 4275; x_wconf 85' lang='lat' dir='ltr'>[ia</span> <span class='ocrx_word' id='word_1_264' title='bbox 297 4222 417 4287; x_wconf 78' lang='lat' dir='ltr'>iiagistr.</span> <span class='ocrx_word' id='word_1_265' title='bbox 432 4224 459 4274; x_wconf 89' lang='lat' dir='ltr'>et</span> <span class='ocrx_word' id='word_1_266' title='bbox 472 4222 565 4287; x_wconf 80' lang='lat' dir='ltr'>Dign.‚</span> <span class='ocrx_word' id='word_1_267' title='bbox 581 4223 609 4273; x_wconf 78' lang='lat' dir='ltr'>i.</span> 
     </span>
     <span class='ocr_line' id='line_1_32' title="bbox 197 4313 519 4380; baseline -0.009 -12"><span class='ocrx_word' id='word_1_268' title='bbox 197 4314 227 4379; x_wconf 54' lang='lat'>(3³</span> <span class='ocrx_word' id='word_1_269' title='bbox 248 4318 282 4370; x_wconf 83' lang='lat' dir='ltr'>De</span> <span class='ocrx_word' id='word_1_270' title='bbox 301 4315 346 4367; x_wconf 86' lang='lat' dir='ltr'>on.</span> <span class='ocrx_word' id='word_1_271' title='bbox 362 4313 477 4380; x_wconf 60' lang='lat' dir='ltr'>urticis,</span> <span class='ocrx_word' id='word_1_272' title='bbox 493 4315 519 4365; x_wconf 87' lang='lat'>3.</span> 
     </span>
    </p>
   </div>
   <div class='ocr_carea' id='block_1_4' title="bbox 0 0 1415 4868">
    <p class='ocr_par' dir='ltr' id='par_1_6' title="bbox 0 0 1415 4868">
     <span class='ocr_line' id='line_1_33' title="bbox 0 0 1415 4868; baseline 0 0"><span class='ocrx_word' id='word_1_273' title='bbox 0 0 1415 4868; x_wconf 95' lang='lat' dir='ltr'> </span> 
     </span>
    </p>
   </div>
  </div>
 </body>
</html>
