2782 4868
604 353 779 418 ..pp-

148 514 279 576 civitatis
305 512 359 585 (ιι.
387 515 443 571 Eas
467 511 507 571 ad
530 512 687 584 naturam,
709 510 748 569 ad
767 507 954 583 principium
976 507 1043 582 ejus
1065 509 1179 571 reterri
1194 510 1248 572 de·

147 633 218 691 bere
240 632 402 691 asseverat.
425 629 604 702 Exemplum
628 642 647 687 a
669 625 889 687 recentioribus
907 625 1023 686 nocuis
1041 626 1169 701 iegibus
1194 646 1246 693 aa.

145 750 266 822 piatur:
284 761 380 823 quum
396 746 562 806 incivitate
575 748 682 805 nostra
701 757 789 818 aspro
801 743 870 817 jure
884 756 993 803 omnes
1008 747 1128 821 essent,
1143 747 1251 806 aedm-

148 872 278 927 tutioaer
292 867 584 942 fidet-commissoriae
596 864 737 926 tollenda
751 864 854 935 tuere,
869 866 975 936 utpote
985 877 1053 938 pue
1067 864 1250 929 diametri

146 987 240 1044 tatem
255 985 397 1043 decerent
412 983 465 1058 (a).

180 1103 245 1161 turi
267 1102 391 1176 publico
412 1103 464 1175 jus
495 1103 584 1162 civile
602 1103 846 1161 consentaneum
871 1101 910 1159 sii
935 1112 1060 1160 necesse
1082 1103 1152 1176 est3
1180 1116 1246 1164 uon

146 1225 248 1282 autem
264 1223 452 1295 questiones
467 1236 534 1296 quae
548 1223 586 1282 ab
601 1234 665 1281 uno
682 1221 820 1295 pendent
834 1220 922 1280 alteri
937 1219 1090 1292 subjectas
1107 1233 1179 1280 esse
1194 1221 1247 1282 de·

146 1336 217 1396 bere
232 1337 542 1398 animadvertendum
557 1339 604 1396 est
618 1336 670 1409 (3).

184 1462 216 1517 v.
236 1472 342 1520 ueouu
366 1471 582 1521 rusucurlonc
607 1472 781 1521 οοιιιιοιιιιι
805 1472 880 1521 csse
906 1471 1041 1520 nuceum
1063 1491 1096 1502 ·-
1115 1461 1178 1519 tex
1191 1473 1244 1520 au·

148 1580 224 1652 tem,
239 1580 381 1652 quamvis
395 1580 634 1652 prudentissime
648 1579 729 1640 iacta
744 1580 784 1638 sit
796 1623 804 1652 ‚
816 1578 936 1638 inutilis
951 1580 998 1638 est
1012 1579 1073 1637 nisi
1089 1581 1242 1639 servatur.

146 1700 213 1759 Non
234 1699 317 1758 enim
332 1700 371 1759 ad
391 1699 451 1759 hoc
467 1700 563 1758 fertur
576 1702 611 1758 ut
627 1701 761 1772 torpeat,
783 1699 838 1758 sed
851 1700 886 1757 ut
901 1699 972 1758 vitae
990 1698 1155 1759 hominum
1169 1700 1245 1759 mis·

146 1819 268 1892 cecum,
286 1832 354 1878 eam
379 1820 529 1891 temperet
554 1821 708 1891 regatque.
734 1821 819 1878 Hauc
842 1819 936 1891 igitur
961 1819 1145 1891 dignitatem
1167 1819 1247 1892 legis

146 1937 213 1996 vult
226 1937 416 1997 Verulamius
433 1950 515 2010 esse,
531 1939 566 1996 ut
579 1938 620 1995 sit
632 1941 816 1995 assecutione
824 1937 976 1996 commoda
991 1937 1045 2011 (ι).

183 2055 254 2117 ldeo
269 2056 325 2125 ille,
335 2058 417 2117 vetat
429 2057 482 2130 jus
502 2057 586 2130 quod
599 2057 638 2116 ad
653 2070 763 2131 poenas
773 2057 883 2116 attinet
896 2057 991 2116 nimis
1001 2071 1146 2131 asperum
1157 2072 1245 2121 esse:

149 2177 247 2235 nimio
268 2177 352 2236 enim
366 2177 432 2251 ejus
454 2178 553 2250 rigore
577 2179 611 2236 in
627 2178 872 2251 desperationem
891 2178 1004 2239 adduci
1019 2179 1121 2238 soient
1141 2180 1244 2240 homi·

147 2311 203 2358 nes
215 2297 271 2373 (5).
285 2301 346 2358 Nec
360 2312 397 2359 eo
411 2299 493 2372 leges
508 2298 549 2359 ad
563 2297 759 2372 reprimenda
774 2298 889 2356 scelera
902 2296 1087 2359 efficaciores
1100 2311 1169 2358 esse
1182 2315 1246 2374 quo

151 2419 290 2478 duriores
304 2419 367 2477 siut
386 2420 643 2480 existimandum:
666 2420 729 2478 imo
745 2419 771 2476 si
791 2431 852 2491 qua
877 2419 1017 2490 grauiore
1030 2432 1124 2493 poena
1144 2419 1245 2480 conti·

149 2537 265 2596 tentem
280 2550 366 2596 reum
381 2536 501 2597 afficere
516 2539 569 2597 aut
586 2536 729 2597 eumdem
753 2536 911 2597 absolvere
935 2541 1088 2611 coguntur
1104 2539 1244 2616 judices,

182 2955 214 3021 ti)
233 2952 426 3024 Montesquieu,
438 2951 532 3026 Esprit
543 2950 588 3010 des
602 2952 679 3023 Loie,
701 2954 754 3010 ιιι.
769 2969 794 3020 ι,
815 2954 857 3009 ch.
880 2966 922 3007 ιιι.
937 2980 970 2994 ·-
987 2955 1015 3007 et
1026 2951 1073 3008 ιιι.
1085 2964 1116 3011 v.
1141 2955 1243 3016 —oue

147 3045 189 3100 tes
201 3044 254 3099 lois
266 3058 319 3114 que
334 3046 362 3100 le
376 3045 536 3113 legislateur
555 3046 644 3102 donne
659 3047 770 3102 doivent
787 3047 846 3101 etre
866 3045 993 3100 relatives
1010 3059 1044 3100 au
1059 3046 1184 3114 principe
1204 3046 1242 3100 du

147 3141 368 3201 gourernement.

182 3229 214 3293 ιι)
233 3229 314 3284 Feuet
325 3243 380 3292 ιιιι;
396 3244 423 3297 p.
436 3231 486 3285 282
501 3233 527 3284 et
541 3231 600 3284 287.
613 3259 646 3269 —
658 3230 701 3283 Or.
718 3227 821 3283 Berlicr
833 3232 860 3283 et
874 3226 1001 3283 Pertalis.

183 3319 223 3383 (3)
239 3319 320 3374 Mont.
337 3318 432 3389 Esprit
449 3319 493 3374 des
506 3320 582 3387 Loie,
595 3322 642 3374 ιιι.
656 3333 739 3386 xxvr,
753 3320 798 3374 ch.
811 3332 850 3373 xv
864 3336 870 3372 :
892 3319 960 3382 ou’il
976 3334 1012 3376 ne
1022 3320 1079 3374 taut
1087 3333 1136 3394 pas
1149 3319 1241 3387 regler

148 3423 197 3477 par
208 3410 249 3465 les
263 3409 402 3477 principes
415 3411 452 3465 du
469 3411 541 3464 droit
551 3412 683 3479 politique
697 3412 738 3466 ies
753 3411 850 3466 choses
868 3413 915 3480 qui
930 3411 1084 3479 dependent
1098 3411 1148 3466 des
1165 3411 1242 3478 prin·

147 3499 223 3567 cipes
235 3500 271 3554 du
283 3499 354 3555 droit
364 3501 437 3556 cirii.
448 3529 481 3538 -
492 3501 537 3554 (ιιι.
550 3515 618 3555 nvi:
635 3501 702 3563 ou'il
715 3502 819 3557 uetant
837 3517 885 3570 pas
907 3503 1019 3558 desider
1029 3516 1079 3570 par
1095 3503 1138 3557 les
1149 3502 1242 3568 regies

149 3587 185 3642 du
196 3588 268 3645 droit
279 3588 356 3653 civil,
380 3589 470 3657 quand
482 3589 503 3642 il
521 3589 599 3656 sagit
615 3590 649 3644 de
670 3590 780 3656 decidet
795 3605 843 3659 par
856 3591 939 3646 celles
955 3592 992 3646 du
1007 3592 1079 3647 droit
1097 3591 1240 3660 polirique.

147 3705 181 3718 -
192 3677 229 3733 dt.
243 3678 369 3733 Fenelon.
391 3680 485 3734 Dicere
502 3679 648 3735 memoires
664 3685 829 3736 concernunt
841 3683 867 3736 la
881 3696 980 3749 guerre
990 3683 1023 3736 de
1037 3683 1064 3737 la
1083 3666 1241 3738 succession
1277 3676 1282 3682 ’

145 3767 304 3834 d’iispagne.
320 3782 349 3823 vr
363 3785 368 3822 :
384 3787 395 3816 ι
410 3769 434 3823 ιι
448 3768 505 3823 taut
514 3769 643 3835 regarder
654 3774 724 3825 cette
733 3772 919 3826 renunciatiou
930 3770 1174 3837 (Murice-Theraeo)
1185 3767 1246 3827 non'

149 3877 160 3904 «
181 3858 258 3912 selon
271 3859 311 3913 les
323 3862 464 3915 coutumes
477 3861 524 3914 dos
537 3860 611 3914 lieux
623 3862 670 3929 qui
682 3861 808 3916 decident
821 3863 869 3917 des
885 3863 995 3930 champs
1007 3863 1091 3918 eides
1102 3863 1179 3931 pres,
1192 3864 1241 3918 des

147 3968 159 3997 u
179 3949 294 4005 iamiiles
307 3952 511 4018 pantomimos,
528 3953 595 4006 mais
612 3953 690 4007 selon
703 3967 739 4007 un
757 3955 827 4009 droit
846 3954 989 4022 superieur
1004 3955 1051 4022 qui
1064 3957 1106 4009 est
1119 3953 1147 4008 le
1166 3953 1244 4008 droit

148 4063 158 4088 «
180 4043 228 4098 des
245 4057 322 4108 gens.
342 4067 352 4092 o

182 4136 213 4198 ti)
233 4134 353 4188 lieFont.
366 4139 451 4203 juris,
469 4152 517 4191 vu.

183 4226 214 4288 (5)
233 4226 408 4282 icertiiicato
425 4233 449 4282 ιο
464 4230 507 4283 his
528 4230 640 4297 Majesty
656 4231 783 4299 touching
801 4233 845 4287 the
870 4232 988 4298 projecte
1013 4229 1041 4285 ot
1063 4229 1102 4285 sir
1122 4228 1239 4296 Stephon

150 4318 257 4373 Proctor
270 4318 423 4387 relatiua-to
436 4322 482 4378 tire
493 4322 571 4378 Penal
588 4324 666 4379 leur.
