2782 4868
609 299 777 359 ..gq-

186 455 276 513 Multa
285 452 430 525 praterea
442 450 586 524 pracepit
595 452 643 511 vel
654 449 868 511 animadvertit
878 451 1015 507 baconus
1024 416 1094 522 quae
1109 452 1241 512 nonnisi
1307 460 1309 465 ⁴

150 587 221 632 cum
242 573 338 631 libero
360 585 395 629 ac
415 569 550 640 legitimo
574 569 626 627 illo
642 583 736 641 regno
761 569 925 629 convenire
935 567 1089 628 videntur.
1101 572 1240 630 Pruden-

151 691 225 750 tiam
243 691 277 748 in
298 689 437 749 oratione
455 688 553 758 magis
569 688 669 747 valere
687 702 780 761 quam
796 687 1002 760 eloquentiam
1020 691 1058 753 tl)
1082 703 1241 762 nusquam

150 809 252 868 verius
262 811 410 881 estquam
421 809 454 865 in
465 807 682 879 parliamento,
698 807 731 864 in
742 819 803 878 quo
819 820 883 864 non
896 805 1002 864 minus
1011 806 1131 865 artibus
1147 820 1241 880 quam

148 927 255 998 lingua
273 927 387 999 pollere
407 926 507 985 solent
523 925 638 998 publici
657 925 725 985 viri.
746 927 853 983 Nonne
870 924 936 982 haec
954 926 1027 982 sunt
1047 923 1190 983 bominis
1207 926 1240 984 in

150 1044 334 1103 factionibus
358 1045 470 1103 uersati
494 1045 587 1104 verba
606 1064 614 1101 ι
641 1066 652 1095 u
671 1043 771 1103 cuivis
786 1044 868 1117 patet
882 1056 1082 1102 consuescere
1095 1043 1241 1103 homines

152 1182 166 1215 ι
186 1164 306 1234 eosqui
324 1177 449 1222 suarum
467 1165 600 1237 partium
619 1166 692 1222 sunt
705 1163 879 1222 immodicis
903 1163 993 1222 edere
1011 1162 1176 1236 laudibus;
1188 1164 1240 1236 qui

152 1303 164 1332 α
185 1283 287 1340 autem
305 1284 529 1342 contrariarum
548 1286 635 1356 sunt,
655 1284 737 1341 inira
755 1283 899 1341 meritum
918 1281 1089 1355 deprimere
1105 1282 1161 1353 (25.
1180 1307 1239 1335 »-

152 1423 165 1448 a
185 1398 288 1456 solent
302 1399 444 1458 homines
461 1403 532 1473 post
546 1414 578 1458 se
593 1403 623 1459 et
636 1400 802 1459 factionem
816 1413 905 1458 snam
923 1399 956 1456 in
976 1412 1029 1458 eos
1045 1400 1203 1485 inclinare
1212 1406 1241 1461 et

151 1544 162 1571 c
183 1522 374 1596 propendere
394 1521 446 1594 qui
471 1493 659 1592 reliquorum
674 1519 807 1578 maxime
823 1520 887 1578 sint
900 1533 1028 1580 enerves
1043 1522 1073 1579 et
1086 1520 1240 1597 imbelles,

152 1662 163 1693 a
185 1641 298 1714 quique
307 1642 351 1699 eis
360 1640 525 1698 minimum
535 1640 682 1698 molestia
696 1639 898 1698 exitibuerunt
909 1637 963 1714 (3).
978 1661 989 1691 a
1005 1643 1039 1698 ln
1049 1641 1241 1698 samnatica

146 1759 296 1830 amttam,
313 1761 432 1819 nullam
455 1773 520 1818 rem
540 1759 650 1831 tangit,
671 1758 746 1831 quin
761 1757 836 1830 quid
858 1759 891 1815 in
911 1758 969 1816 hac
988 1772 1058 1816 cum
1080 1759 1241 1831 republica

149 1879 347 1951 conjunctum
362 1880 402 1936 sit
415 1879 603 1949 consideret,
618 1878 681 1937 sive
697 1877 862 1936 amicitiam
872 1879 902 1936 et
914 1878 1088 1937 clientelam
1101 1874 1163 1952 (a),
1174 1879 1241 1939 sive

146 1995 304 2054 invidiam.
321 1995 489 2054 Praesertim
514 1995 671 2054 notandus
694 1997 739 2054 est
760 2008 860 2054 sermo
883 1995 918 2052 dc
932 1995 1187 2072 Factiooibcstttt,
1204 1999 1238 2056 in

148 2128 209 2188 quo
225 2116 339 2189 optime
353 2117 479 2190 apparet
493 2115 561 2188 quis
574 2115 667 2174 fuerit
681 2129 717 2174 eo
732 2118 869 2188 tempore
885 2116 1002 2188 anglici
1022 2117 1108 2189 regni
1123 2120 1238 2190 status3

146 2233 286 2293 nondum
305 2235 367 2294 lruc
391 2234 530 2295 adduotae
552 2247 600 2293 res
618 2236 653 2293 ut
675 2234 743 2292 dua
763 2236 865 2293 essent
881 2248 1000 2307 magna
1021 2237 1172 2296 factiones
1193 2235 1241 2312 ’(6)

147 2352 186 2410 ad
201 2366 278 2426 quas
298 2354 413 2426 publici
432 2368 540 2413 omnes
554 2353 613 2414 viri
633 2354 811 2413 accederent
830 2366 954 2412 necesse
972 2358 1075 2412 esset:
1096 2359 1239 2417 Baconns

148 2474 254 2530 contra
264 2473 513 2545 potentissimum
529 2487 680 2545 quemque
697 2486 790 2544 supra
803 2473 952 2531 factiones
964 2449 1053 2532 ⁸stare
1069 2474 1174 2549 jubet3
1188 2477 1238 2535 in·

148 2591 255 2662 telligit
272 2595 374 2651 tamen
389 2596 479 2666 atque
490 2593 580 2651 docet
595 2608 656 2665 quo
671 2596 761 2666 pacto
776 2596 949 2654 coalescant
963 2596 996 2653 in
1010 2610 1109 2655 unum
1124 2598 1238 2658 dissol-

146 2711 296 2768 vanturve
305 2710 465 2784 factiones,
478 2711 552 2784 quid
564 2711 597 2768 in
608 2715 785 2785 oppositione
794 2713 905 2788 valeat,
917 2714 991 2787 quid
999 2715 1032 2772 in
1044 2714 1237 2777 defensione.

127 2881 129 2885 ,
182 2832 227 2887 lt.
251 2843 324 2899 puro
348 2843 388 2888 nn
416 2842 546 2890 cnrnnrs
574 2843 670 2892 andiu
697 2845 848 2892 ranrrnus
877 2846 1031 2894 nncunnrs
1059 2847 1237 2897 cunsunnrr

146 2958 294 3007 alconus.
311 2980 342 2988 -
358 2948 437 3006 lllud
452 2949 491 3007 ad
505 2950 664 3021 angliam:
677 2951 751 3024 quid
769 2951 806 3008 de
825 2951 931 3010 ceteris
945 2951 1083 3024 partibus
1093 2953 1199 3024 regni?

182 3066 299 3125 Scilicet
314 3067 566 3140 distinguendum
588 3071 640 3143 qui
662 3071 701 3129 ad
720 3071 859 3141 angliam
879 3071 1078 3146 accesserint,
1100 3075 1238 3132 armisne

145 3186 342 3257 comparata,
358 3199 399 3242 an
411 3185 480 3258 jnre
495 3187 632 3257 gentium
651 3202 722 3247 cum
734 3189 789 3247 illa
804 3190 975 3262 conjuncta
990 3190 1061 3247 sint.

181 3300 280 3359 scotia
304 3303 428 3374 quidem
450 3305 518 3376 jnre
537 3307 670 3365 naturali
687 3309 828 3380 civilique
851 3323 921 3368 curn
945 3310 1051 3381 anglia
1069 3311 1236 3383 conjuncta

181 3697 210 3759 (t)
225 3696 243 3748 a
254 3695 396 3749 collection
408 3696 436 3749 ol
447 3699 603 3760 sentences,
622 3699 663 3752 50.

180 3784 210 3845 (it
222 3784 257 3836 be
269 3785 334 3848 aug.
351 3797 389 3837 sc.
406 3797 459 3849 vu,
478 3787 501 3837 3.

180 3878 210 3938 (3)
224 3875 291 3928 lbid.

178 3968 210 4029 (4)
227 3981 304 4020 xnvr.

180 4059 210 4123 )5)
224 4071 300 4111 nuru.
315 4089 347 4096 -
363 4060 397 4112 ti.
414 4063 458 4115 tlte
469 4061 577 4116 colours
592 4065 620 4116 ol
629 4065 700 4130 good
712 4065 763 4119 aud
777 4064 839 4120 evil,

181 4152 211 4213 td)
230 4151 322 4204 Vocem
338 4152 366 4203 in
383 4153 522 4208 meliorem
541 4169 651 4210 sensum
668 4171 747 4224 quam
770 4159 801 4213 de
822 4171 895 4213 more
915 4159 959 4212 hic
976 4158 1071 4225 accipit
1091 4160 1227 4225 baconus;

145 4238 216 4293 idem
229 4252 324 4294 sonare
337 4255 416 4308 quam
431 4248 519 4311 portos
535 4259 564 4300 ra
576 4247 690 4302 ridetur.
