2782 4868
155 545 166 573 ι
189 521 361 581 necessaria
374 522 420 578 est
435 533 543 592 opera,
557 519 592 579 ut
609 521 837 594 lnquit—Grotius
852 522 911 596 (l),
923 524 1006 597 quod
1020 527 1050 585 et
1065 528 1171 586 nostro
1186 538 1241 585 sa·

154 663 165 695 ι
187 643 257 702 culo
268 654 332 702 non
349 641 460 701 desunt
475 642 505 700 et
518 640 593 701 olim
606 655 672 702 non
688 642 852 702 detuemnt
864 644 916 718 qui
936 644 1017 704 hanc
1028 645 1108 721 iuris
1122 649 1241 720 partem

154 758 231 816 rita
245 759 478 816 contemnerent
494 757 582 830 quasi
601 757 679 815 nihil
694 757 761 832 ejus
780 760 889 832 prater
907 759 1002 819 inane
1022 761 1149 820 nomen
1160 762 1237 820 exis·

151 863 310 952 «terens
328 879 358 938 et
371 878 454 954 infra
464 892 542 951 opus
557 892 618 937 ase
631 878 788 953 inceptum
805 879 872 939 esse
893 880 1028 940 declarat
1041 881 1118 955 quia
1132 900 1144 932 ι
1157 880 1239 940 vide·

154 1022 166 1050 ι
187 998 241 1059 bat
250 1011 305 1072 per
319 996 648 1058 christianumernem
668 998 716 1057 vel
739 998 879 1058 barbaris
892 999 1043 1071 *gentibus
1064 998 1241 1071 pudendam

153 1139 165 1170 ι
187 1117 324 1177 bellandi
338 1117 497 1177 licentiam
512 1137 519 1176 ε
536 1116 655 1177 levibus
671 1119 722 1177 aut
739 1118 835 1177 nullis
850 1118 1003 1178 decausis
1019 1119 1059 1178 ad
1072 1117 1160 1178 arma
1170 1130 1241 1190 pro·

154 1258 167 1287 ι
187 1236 269 1295 curri
279 1256 290 1307 ‚·
304 1235 417 1309 quibus
431 1236 526 1294 semel
542 1237 681 1309 sumptis
691 1237 813 1295 'nullam
826 1236 892 1312 jam
914 1237 1030 1312 divlnl.‚‘
1043 1237 1160 1296 nullam
1184 1236 1239 1294 hu-

151 1357 271 1417 ··mani
287 1356 367 1430 juris
388 1357 588 1417 reverentiam
600 1361 614 1430 ‚'
632 1357 724 1430 plane
746 1359 834 1431 quasi
857 1358 926 1418 uno'
946 1334 1054 1418 'edicto'
1072 1358 1111 1417 ad
1136 1357 1242 1417 omnia

152 1503 174 1528 ι
185 1478 300 1538 scelera
313 1477 426 1537 emisso
441 1479 544 1537 lurore
560 1480 614 1552 ri).
633 1501 645 1530 ι
832 1478 835 1483 “

185 1601 246 1659 Nec
264 1599 334 1673 ista,
350 1613 417 1675 quae
432 1600 604 1674 retulimus,
624 1603 776 1672 precepta
796 1602 897 1660 Grotio
920 1600 1050 1672 indigna
1070 1600 1160 1674 sunt,
1186 1599 1241 1657 scd

148 1715 299 1794 pleraque
319 1720 358 1778 ab
378 1720 431 1779 illo
457 1733 513 1794 pro
525 1721 637 1792 regulis
661 1716 761 1794 posita
785 1723 857 1780 sunt
874 1718 894 1778 :v
908 1742 920 1772 ιι
947 1723 1076 1779 Tantum
1096 1720 1183 1778 abest
1203 1721 1240 1778 ut

153 1861 165 1889 ι
186 1839 411 1899 admittendum
435 1840 475 1898 sit
498 1840 581 1914 quod
604 1837 730 1912 quidam
755 1839 877 1912 lingunt
896 1839 929 1898 in
951 1839 1032 1899 bello
1047 1837 1153 1898 omnia
1166 1837 1238 1910 jura

152 1981 164 2009 ι
186 1972 320 2034 cessare,
340 1960 376 2018 ut
395 1972 452 2018 neo
466 1960 580 2033 suscipi
594 1960 710 2020 trellum
725 1959 833 2020 debeat
845 1956 930 2033 ,nisi
944 1959 985 2018 ad
997 1957 1075 2032 jnris
1091 1970 1238 2016 consecu-

155 2102 168 2130 ι
190 2080 325 2155 tionem,
352 2092 409 2138 nec
433 2081 609 2153 susceptum
628 2077 699 2153 'geri
727 2081 788 2140 nisi
813 2081 894 2138 intra
914 2079 993 2152 juris
1021 2092 1056 2138 ac
1080 2078 1152 2136 fidei
1174 2091 1241 2137 mo-

148 2211 165 2249 ι
189 2195 329 2271 dumt3).
346 2217 367 2249 s.
380 2199 417 2256 ut
431 2197 511 2256 inter
529 2199 666 2270 privatos
692 2219 704 2249 ι
722 2199 807 2258 alteri
824 2199 973 2272 prodesse
996 2210 1057 2271 qna
1076 2197 1241 2270 possimus,

152 2341 165 2370 ι
183 2313 252 2378 ‘non
264 2318 384 2378 licitum
398 2318 492 2379 modo
508 2318 563 2377 scd
577 2321 607 2376 et
628 2288 792 2377 honestum
806 2312 853 2377 est
868 2339 881 2368 ι
904 2320 934 2375 et
953 2339 964 2367 ι
981 2317 1016 2374 ut
1030 2317 1128 2375 cetera
1142 2313 1243 2373 desint

146 2463 165 2490 ιι
186 2435 320 2514 uincula,
333 2433 448 2498 'suflicit
463 2439 606 2497 humanae
622 2439 738 2496 naturas
753 2431 929 2497 communio
944 2436 1018 2511 (ilfa
1036 2436 1079 2493 ita
1093 2432 1241 2506 eregibus

150 2553 373 2632 poenas'repeti
389 2571 479 2631 possa
494 2559 581 2630 putat
595 2557 635 2616 ob
656 2555 787 2629 injurias
802 2569 924 2630 quoque
943 2574 957 2608 ι
974 2567 1041 2627 que
1056 2555 1140 2627 ipsos
1150 2554 1239 2626 pecu-

153 2704 167 2728 ·
186 2678 302 2737 liariter
315 2692 380 2737 non
397 2679 541 2751 tangunt,
557 2676 611 2735 sed
626 2677 659 2734 in
673 2672 833 2749 quibusvis
844 2672 985 2750 personis
997 2676 1175 2749 jusnature
1186 2677 1239 2734 aut

154 2821 169 2850 ι
188 2798 324 2870 gentium
344 2796 520 2856 immaniter
538 2793 726 2873 violantis).
751 2816 762 2846 ι
786 2795 868 2854 Bella
886 2795 968 2868 juste
990 2804 1054 2854 non
1075 2793 1181 2853 inferri
1201 2793 1239 2850 iis

151 2918 206 2991 qui
220 2919 420 2978 christianam
438 2918 618 2990 religionem
632 2917 777 2990 amplecti
789 2917 911 2992 nolunt,
923 2916 1006 2991 iuste
1020 2916 1121 2974 autem
1132 2914 1171 2972 iis
1186 2914 1240 2986 qui

99 3049 102 3054 ·
152 3037 339 3098 christianos
349 3038 389 3097 ol)
405 3039 503 3097 solam
518 3039 698 3110 religionem
713 3036 875 3096 cmdeliter
885 3037 1018 3095 tractant
1030 3035 1134 3103 scribit
1149 3032 1203 3107 (6).

189 3159 295 3222 Nonue
316 3159 347 3216 et
368 3157 513 3215 conclusio
529 3172 600 3216 cum
623 3161 745 3217 Baccno
760 3157 881 3217 uidetur
898 3156 1084 3216 convenire?
1101 3175 1113 3205 ιι
1129 3156 1242 3212 intuta
1327 3236 1329 3241 Ι

155 3301 167 3330 ι
187 3279 260 3339 belli
275 3279 544 3338 administratione
554 3323 562 3351 ,
574 3291 639 3353 non
648 3279 749 3351 potest
761 3290 885 3336 securus
899 3280 929 3336 et
938 3279 998 3336 neo
1008 3274 1107 3334 fidens
1120 3275 1243 3334 animus

154 3397 328 3470 «retineri,
349 3397 411 3455 nisi
431 3410 551 3469 semper
575 3396 608 3454 in
632 3409 739 3469 pacem
770 3396 982 3469 prospectet...
1002 3397 1062 3452 Pax
1086 3407 1156 3464 crgo
1176 3393 1240 3450 tuta

156 3538 168 3563 ι
191 3513 265 3571 satis
282 3512 389 3572 haberi
404 3513 429 3571 si
444 3514 544 3586 potest
557 3513 827 3573 etmalefactorum
841 3517 871 3571 et
884 3513 1069 3572 damnomm
1089 3513 1118 3570 et
1133 3523 1237 3582 sump-

117 3916 118 3920 ¹
188 3897 219 3958 tlt
238 3896 274 3949 lte
284 3897 348 3950 turc
357 3895 423 3951 belli
435 3910 465 3950 ac
477 3897 566 3964 pacis,
580 3895 683 3960 Proleg.
699 3899 723 3948 3.

188 3987 218 4049 a)
239 3985 345 4053 Proleg.
360 3988 404 4040 28.

188 4079 218 4140 li)
238 4076 280 4130 ΙΙ).
303 4081 347 4130 25.

188 4167 219 4227 lt)
238 4164 603 4233 lin.1‚c.v‚as‚tett.

190 4259 219 4318 iti
240 4257 297 4312 lin.
318 4273 463 4325 11,c.rx,
479 4262 500 4323 ξ.
517 4261 560 4312 lo.

191 4349 221 4411 lt)
242 4348 300 4402 lib.
316 4363 350 4414 rr,
365 4363 390 4402 c.
408 4363 463 4415 xx,
479 4351 512 4414 ii.
528 4350 649 4404 lictis.
