2782 4868
603 361 793 422 -105-

186 515 327 570 baconus
347 509 462 596 scilicet
483 510 521 569 de
538 523 624 570 more
640 512 711 571 ante
731 511 838 572 oculos
856 512 1065 575 Britannicum
1085 517 1239 591 exemplar

150 627 270 688 babuit.
300 626 367 686 Fuit
395 627 479 687 enim
507 627 674 688 Britannia
703 631 732 687 et
754 630 903 702 *pretoria
922 632 952 689 et
974 633 1116 693 censoria
1143 635 1238 695 curia.

149 747 296 807 Pretorio
315 747 440 821 pubem
462 750 508 806 est
532 747 708 814 cancellarii
728 749 822 810 curia.
843 753 939 822 Quam
958 754 1096 813 Romano
1117 757 1240 827 pratori

147 867 354 928 cancellarius
368 869 409 927 sit
418 867 529 927 similis
539 866 832 942 ipseanimadvertit
841 875 947 933 noster
957 872 1012 948 (l),
1023 876 1053 932 et
1062 874 1242 934 incredibile

148 989 219 1062 est,
240 990 276 1047 ut
292 987 326 1046 in
346 990 477 1062 utroque
492 987 561 1061 jure
584 989 727 1051 eumdem
747 990 960 1062 magistratum
982 992 1040 1050 sub
1061 993 1240 1053 nominibus

150 1107 284 1168 diuersis
307 1119 375 1167 esse
393 1109 525 1181 reputes.
546 1108 774 1184 cancellarius,
800 1110 990 1183 praeterens
1012 1125 1160 1188 munera,
1181 1113 1241 1172 boc

150 1240 224 1293 vere
238 1227 415 1300 pretorium·
430 1227 566 1287 osticium
581 1229 731 1289 habuitul
742 1244 778 1290 eu
788 1231 913 1290 arbitrio
925 1232 999 1292 beni
1008 1233 1067 1292 viri
1078 1232 1241 1306 judicaret,

146 1346 204 1420 ius
212 1347 301 1407 civile
314 1347 478 1420 corrigeret
495 1351 548 1407 aut
557 1349 722 1422 suppleret.
741 1353 825 1409 Unus
836 1350 961 1423 scilicet,
974 1366 1039 1412 non
1050 1352 1138 1411 aliter
1151 1355 1241 1425 atque

148 1468 267 1540 ‘pretor
281 1466 441 1539 judicabat
463 1465 526 1542 (i),
551 1468 719 1542 prudentes
739 1471 900 1533 tamenab
920 1484 952 1530 se
968 1484 1078 1535 uocare
1104 1474 1241 1545 poterat,

152 1599 287 1659 quorum
306 1585 576 1660 consdioquidem
589 1590 735 1663 uteretur,
755 1602 821 1648 non
841 1590 994 1650 sententia
1006 1591 1240 1663 ‘astringeretur

153 1703 227 1776 alus
237 1704 481 1766 erotinterdictis
491 1707 544 1764 aut
553 1705 781 1778 possessionem
791 1710 949 1780 protegere
959 1711 1012 1766 aut
1021 1708 1242 1768 restituendam

152 1839 287 1885 curare:
308 1825 384 1898 quin
402 1826 536 1885 edictum
555 1825 723 1899 quoddam,
738 1826 816 1886 inito
833 1827 1031 1901 magistratu,
1047 1827 1168 1899 edebat,
1182 1840 1243 1900 qua

153 1936 221 2016 lege
234 1958 348 2010 usurus
362 1947 442 2003 esset
458 1944 648 2016 significans.
663 1948 725 2005 lloo
740 1959 812 2005 vero
830 1946 912 2005 inter
925 1949 1089 2020 utrumque
1105 1946 1244 2009 interfuit

154 2065 240 2140 quod
253 2065 293 2124 ad
306 2067 468 2138 praetorem
483 2066 610 2125 nonnisi
624 2067 749 2137 integra
764 2080 813 2126 res
830 2067 941 2126 deterri
956 2069 1091 2142 possent,
1111 2067 1151 2126 ad
1169 2080 1241 2126 can·

152 2185 314 2245 cellarium
327 2185 393 2258 jam
404 2186 470 2258 lege
485 2187 643 2246 communi
656 2187 799 2261 judicata
816 2187 869 2261 (3).

192 2306 344 2366 censoriae
371 2309 438 2366 rice
460 2309 552 2366 curia
573 2307 633 2367 fuit
653 2307 778 2366 stellata
800 2321 932 2381 camera,
958 2309 995 2366 do
1016 2321 1077 2380 qua
1099 2307 1244 2367 disseruit

154 2430 294 2488 baconus
310 2447 325 2485 ιΔ
348 2450 360 2478 ι
384 2429 554 2489 Auctoritas
568 2441 696 2488 camera
713 2426 860 2502 stellata,
880 2440 947 2500 qua
965 2431 1055 2488 antea
1073 2428 1138 2500 lege
1157 2428 1244 2499 regni
1314 2447 1319 2454 ³

142 2568 171 2626 1α
193 2549 351 2607 communi
360 2549 479 2607 tantum
486 2547 640 2606 nitebatur
651 2547 805 2621 aliquibus
817 2546 938 2606 casibus
949 2547 1059 2607 robore
1069 2547 1244 2611 statutisuf·

158 2690 173 2722 a
195 2669 274 2728 tulta
288 2671 334 2728 eet
348 2669 491 2742 (henrico
506 2672 555 2728 vll
572 2673 740 2743 regnante).
764 2668 972 2745 curiassautem
988 2669 1092 2728 istaer
1113 2667 1246 2732 maxime

159 2810 173 2842 ι
194 2789 398 2863 prudentibus
414 2793 444 2850 et
456 2791 615 2862 generosis
629 2791 723 2864 hujus
738 2791 825 2863 regni
841 2791 990 2850 institutis
1004 2790 1122 2851 censeri
1136 2789 1244 2864 possit.

157 2923 181 2961 ι’
193 2912 269 2970 Nam
282 2909 316 2967 in
335 2909 551 2970 distributione
566 2910 766 2969 tribunalium
773 2910 859 2982 regni
866 2912 1001 2984 (excepta
1008 2923 1152 2982 suprema
1161 2911 1247 2970 curia

158 3051 175 3084 a
194 3030 401 3106 parliamenti)
417 3031 450 3088 in
468 3043 529 3104 pua
542 3030 629 3089 ouria
640 3030 732 3089 Banci
754 3029 833 3101 regis
855 3029 1119 3102 criminibusque
1140 3031 1247 3089 contra

160 3168 342 3215 «coronam
364 3154 611 3229 committuntur,
629 3153 715 3212 curia
734 3153 826 3212 Banci
849 3152 1025 3211 communis
1045 3151 1153 3210 litibus,
1173 3151 1245 3210 civi-

160 3297 175 3326 «
195 3274 287 3350 libus,
304 3275 389 3335 curia
399 3273 546 3334 scaccarii
562 3273 673 3347 causis,
692 3285 759 3346 qua
774 3271 938 3331 adroditus
949 3273 1154 3344 etproventus
1169 3271 1248 3344 regis

159 3415 176 3448 ι
196 3398 349 3470 spectant,
365 3399 394 3455 et
407 3397 499 3456 curia
510 3394 811 3456 cancellariaecausis
825 3406 895 3468 quae
906 3392 1129 3465 mitigationem
1139 3391 1249 3463 rigoris

162 3499 283 3588 (iuris,
303 3528 342 3573 ex
361 3514 486 3602 arbitrio
506 3513 581 3575 boni
594 3514 664 3589 viri,
677 3514 717 3572 ad
734 3513 908 3586 exemplum
929 3511 1008 3584 juris
1023 3510 1169 3585 pretorii,
1185 3521 1248 3568 mc·

196 3879 228 3943 (ll
244 3875 298 3933 lhe
308 3877 386 3934 effect
395 3878 424 3932 ol
434 3878 587 3935 mathiten
599 3894 654 3934 was
667 3881 771 3948 spoken
783 3879 820 3946 bp
835 3878 880 3932 the
891 3877 958 3932 bord
972 3878 1082 3943 imper,
1096 3877 1147 3929 etc.

197 3971 228 4036 (il
248 3969 302 4026 The
318 3976 461 4038 argument
475 3971 505 4025 in
518 3972 564 4026 the
579 3984 641 4027 case
654 3972 683 4025 ol
695 3973 741 4026 the
754 3973 815 4026 Post
831 3972 886 4025 neti
904 3985 910 4022 :
933 3989 943 4017 l
959 3971 1030 4023 Your
1047 3966 1186 4033 lordship,
1204 3977 1252 4030 my

164 4081 176 4109 n
194 4060 257 4118 lord
266 4062 432 4130 dhanoellor,
443 4063 547 4130 though
558 4076 613 4132 you
625 4064 660 4118 be
669 4063 791 4118 absolute
801 4063 885 4130 judge
896 4063 925 4115 in
936 4062 982 4116 the
994 4063 1084 4127 court,
1100 4058 1153 4113 and
1167 4058 1254 4124 might

165 4173 176 4200 α
196 4153 265 4208 hare
282 4154 370 4210 cedcd
389 4158 417 4210 to
435 4168 491 4222 you
512 4155 579 4210 such
598 4155 746 4232 assistance
764 4155 793 4208 oi
804 4155 903 4222 judges
918 4168 948 4208 es
963 4158 989 4208 to
1005 4166 1060 4220 you
1075 4152 1127 4206 had
1146 4150 1254 4208 seemod

166 4261 178 4292 tl
200 4247 283 4310 ghhd.
309 4266 319 4292 n

204 4338 234 4399 llll
256 4338 307 4389 Thr
323 4337 415 4403 effect,
430 4340 482 4390 etc.
