2782 4868
615 336 781 400 ¹⁵65-

152 495 215 566 est,
240 505 302 549 nno
331 489 498 563 eodemque
523 503 590 562 rege
611 493 772 565 utramque
797 491 951 561 regionem
979 491 1129 565 habente,
1156 492 1237 565 qnod

152 612 269 686 evenit,
292 612 390 669 morte
411 609 610 684 Elisabetha,
639 610 759 669 nullum
776 610 803 668 ei
819 610 998 682 ,propiorem
1012 610 1156 668 heredem
1174 624 1239 668 esse

150 747 244 807 qnam
258 732 415 792 Iacobum.
432 731 502 789 ldco
522 731 652 790 lacobus
668 730 824 789 festinavit
840 732 1004 802 utrumque
1018 743 1161 804 regnum,
1177 731 1238 786 nisi

149 867 201 926 re,
215 856 296 912 certe
305 851 433 910 nomine
448 850 654 924 confundere,
665 850 839 924 angliaeque
855 853 884 908 et
898 851 1024 924 scotiae,
1040 852 1190 924 qnantum
1205 852 1238 908 in

151 984 184 1029 se
198 970 274 1040 init,
291 969 391 1028 delere
401 969 539 1041 nomina,
554 969 717 1028 Britannia
732 969 915 1029 vocabulum
926 983 1056 1029 servare.
1072 970 1238 1040 lndeleges
1269 993 1273 1001 «
1347 1037 1348 1040 ¹

150 1101 275 1162 qnoque
289 1088 322 1145 in
338 1100 437 1146 unum
454 1086 639 1159 conjungere
656 1087 781 1146 molitus
801 1089 860 1161 est,
876 1088 1040 1147 auxiliante
1056 1092 1190 1162 Bacono,
1208 1090 1238 1145 at

148 1206 275 1264 frustra.
290 1205 367 1263 llinc
380 1206 410 1263 et
420 1205 525 1264 Jacobi
539 1205 675 1278 tempore
695 1208 724 1265 at
745 1209 839 1264 hnnae
863 1207 975 1277 regina
989 1204 1237 1266 ¹animadverten-

150 1328 227 1386 dum
241 1329 288 1386 est
301 1327 467 1384 maximam
488 1329 625 1386 coortam
645 1339 711 1385 esse
731 1326 942 1385 difficultatem
955 1326 1045 1405 quod
1058 1328 1092 1385 in
1105 1328 1237 1399 utraque

150 1446 277 1518 regione
300 1446 380 1504 esset
405 1445 658 1519 parliamentum,
685 1459 741 1504 nec
762 1446 942 1503 alterutrum
966 1445 1033 1504 tolli
1061 1445 1179 1518 liceret,
1205 1447 1239 1501 nt

149 1564 239 1622 alteri
259 1563 341 1635 leges
362 1561 496 1620 ferenda
516 1563 636 1634 essent,
654 1575 721 1634 qua
735 1563 897 1634 utramque
916 1563 1037 1634 gentem
1056 1561 1237 1633 obligarent.

150 1681 239 1752 Quod
255 1683 281 1740 si
295 1681 460 1754 utromque
474 1681 507 1737 in
526 1693 625 1738 unum
647 1679 837 1738 confundere
858 1680 1014 1738 decretum
1034 1679 1087 1752 sit,
1109 1682 1239 1752 quatuor

152 1817 201 1863 res
222 1805 255 1862 in
276 1804 379 1862 medio
399 1802 562 1886 ponendas
583 1815 650 1860 esse
671 1801 746 1860 dicit
765 1805 922 1874 baconus,
942 1800 1058 1873 primo,
1079 1815 1146 1873 qua
1168 1814 1239 1873 pro·

150 1920 253 1994 portio
278 1933 344 1978 esse
366 1919 475 1978 debeat
490 1919 650 1989 suffragiis
665 1918 834 1990 anglorum
850 1921 1083 1993 scotorumque,
1104 1918 1239 1977 secundo

150 2039 257 2097 utrum
276 2038 442 2111 unicuique
459 2038 559 2109 legato
579 2037 670 2095 liceat
688 2037 787 2108 legem
807 2036 973 2108 quamdam
992 2050 1047 2109 per
1066 2049 1099 2094 se
1112 2050 1237 2111 rogare,

151 2159 243 2218 sicuti
260 2173 330 2219 mos
348 2159 382 2217 in
400 2159 526 2229 anglico
546 2158 749 2217 parliamento
772 2158 830 2232 sit,
851 2171 907 2226 an,
929 2159 964 2215 ut
981 2157 1015 2213 in
1034 2156 1167 2229 scotico,
1185 2170 1240 2228 per

152 2279 305 2351 quosdam
320 2277 360 2336 ad
376 2277 408 2335 id
423 2278 605 2365 prepositos
620 2274 675 2352 (l),
691 2290 823 2349 qnorum
835 2290 933 2335 unum
948 2276 1095 2348 libertati,
1110 2275 1239 2333 alterum

151 2397 293 2470 gravitati
313 2398 411 2469 magis
431 2398 546 2471 faveat,
567 2398 672 2471 tertio,
694 2397 805 2470 quibus
826 2411 862 2456 ex
880 2397 1039 2456 elementis
1058 2396 1112 2455 fiat
1125 2396 1236 2455 Parlia-

150 2518 309 2590 mentum,
329 2519 444 2589 quarto
463 2517 515 2590 qui
540 2516 630 2588 pacto
644 2515 704 2573 'his
729 2515 781 2588 qui
804 2515 939 2574 honores
962 2514 1163 2573 hereditarios
1187 2519 1240 2572 aut

151 2637 254 2698 officia
267 2638 300 2696 in
313 2641 444 2710 utroque
458 2639 661 2697 parliamento
676 2637 810 2696 habeant
825 2635 966 2697 satisfieri
980 2637 1078 2709 possit
1093 2635 1147 2710 (a).
1168 2639 1238 2704 Quae

150 2770 247 2829 quum
264 2755 310 2815 ita
328 2756 404 2827 sint,
427 2769 502 2814 sane
522 2757 646 2815 scotica
665 2769 786 2828 quoque
806 2755 890 2828 genti
908 2755 959 2828 jus
977 2768 1159 2814 concessum
1174 2757 1237 2826 est,

153 2872 237 2945 quod
258 2872 394 2951 anglicae
408 2873 568 2946 competit,
587 2873 706 2943 legibus
724 2872 859 2931 ferendis
874 2871 976 2943 ¹partis
996 2871 1160 2942 habenda,
1182 2882 1238 2927 nec

145 2991 188 3050 ad
212 2991 464 3063 adstringendam
488 3005 556 3050 eam
582 3005 636 3050 seu
654 2993 688 3050 in
713 2992 838 3063 anglico
862 2991 1085 3063 parliamento,
1115 3003 1170 3047 seu
1191 3003 1236 3046 re-

150 3111 202 3184 gia
215 3113 248 3172 in
261 3115 428 3188 potestate,
444 3114 519 3172 satis
534 3100 723 3173 auctoritatis
736 3113 831 3173 inisse
846 3114 937 3184 patet.

186 3232 337 3292 llihemin
356 3248 430 3294 vero
449 3236 479 3293 et
498 3235 662 3308 cambria,
684 3248 751 3306 qnae
776 3233 807 3290 vi
832 3232 983 3305 adjuncta
1002 3232 1090 3290 erant
1113 3229 1239 3300 anglico

150 3367 264 3428 regno,
281 3355 389 3414 eodem
401 3355 471 3428 jure
484 3355 546 3414 frui
566 3369 631 3414 non
646 3341 833 3429 permissum
848 3354 894 3412 est
910 3372 916 3410 :
938 3373 950 3403 o
966 3351 1094 3423 Legibus
1110 3349 1239 3422 angliae,

153 3495 166 3525 t
187 3473 288 3548 inquit
305 3477 420 3551 noster,
442 3477 529 3535 nulla
551 3477 653 3552 regio,
669 3477 742 3550 quia
761 3475 894 3551 anglicis
916 3474 1010 3533 armis
1032 3473 1237 3546 comparatur,

154 3619 167 3648 «ι
188 3597 311 3656 subdita
324 3599 383 3668 est,
400 3598 453 3657 sed
468 3598 576 3670 prima
587 3598 621 3656 in
631 3598 689 3657 hae
704 3599 865 3656 remanent
876 3595 1090 3668 leges,donec
1103 3594 1169 3666 ipse
1185 3607 1237 3651 rex

151 3737 164 3765 ι
186 3715 261 3775 alias
280 3716 381 3788 vigere
402 3718 454 3776 aut
471 3716 619 3790 rescripto
636 3717 687 3774 aut
702 3716 848 3775 mandato
865 3714 1012 3786 declaret,
1030 3714 1059 3770 et
1073 3711 1123 3769 ille
1138 3712 1239 3783 potest

186 4104 221 4168 (ll
233 4123 244 4151 l
258 4103 340 4158 lords
350 4105 431 4160 oftbe
440 4106 557 4160 articles.
575 4126 585 4153 r

186 4195 217 4258 ti)
233 4195 337 4249 certain
350 4196 459 4251 articles
473 4210 504 4251 or
515 4195 728 4266 considerations
746 4199 875 4263 tonching
894 4197 939 4251 tbe
950 4195 1034 4250 union
1049 4195 1078 4249 oi
1093 4195 1138 4251 the
1153 4195 1232 4261 ling-

152 4282 229 4336 doms
240 4284 269 4339 oi
277 4284 395 4350 llngland
405 4289 456 4341 and
467 4286 599 4340 scotland.
