2782 4868
612 388 651 402 ...
678 356 780 419 75...

147 528 208 588 qoc
219 528 285 572 esse
296 512 469 571 osiracismi
485 512 655 570 rationem:
672 512 783 570 melius
799 505 925 583 quidem
940 523 957 568 a
972 511 1073 582 legum
1087 510 1184 569 latore
1199 510 1242 568 ila

147 633 297 694 constitui
319 631 540 704 rempublicam
562 645 601 690 ue
626 631 678 690 lali
699 630 840 690 remedio
851 631 880 688 ei
895 644 973 703 opus
992 630 1050 688 sit:
1072 630 1196 704 deinde,
1215 631 1241 688 sl

147 754 225 828 quid
242 752 381 824 accidat,
401 751 494 809 isium
513 751 546 808 in
561 750 688 809 modum
703 750 917 821 corrigendum
934 762 1003 808 esse·
1015 748 1065 821 (l).
1080 751 1139 806 Nec
1154 748 1243 806 aliter

147 874 288 944 insignis
311 874 416 931 noster
439 869 668 945 philosophus-2
701 875 769 930 «ln
791 871 903 944 quibus
922 868 1095 930 civitatibus
1114 867 1241 927 maximi

151 1017 167 1045 «ι
185 994 261 1053 facit
274 992 446 1051 libertatem
456 992 600 1066 populus,
610 991 729 1062 legibus
739 990 925 1064 quibusdam
940 989 1073 1050 violatur
1087 987 1192 1059 unius,
1208 989 1243 1044 ut

150 1133 163 1163 ii
185 1091 327 1170 omnium
349 1109 559 1184 confirmetur,
586 1108 720 1168 liberios.
759 1132 769 1158 ·
806 1107 968 1180 leghem,
1003 1110 1192 1178 Romamque
1214 1105 1243 1162 ei

148 1231 470 1302 Athenasmemorat‚
492 1232 522 1286 ei
540 1229 636 1287 inde:
658 1250 669 1278 r
691 1226 844 1314 confiteor
864 1227 1003 1298 gendum
1018 1224 1130 1298 quibus
1151 1224 1244 1282 nulla

153 1371 167 1400 r
187 1363 326 1421 unquam
341 1350 426 1407 lucre
445 1347 604 1406 liberiores
624 1361 684 1406 usu
705 1346 865 1405 mihiesse
885 1346 944 1404 boc
964 1357 1146 1418 persuasum
1162 1343 1245 1416 quod

152 1493 165 1518 ι
187 1470 220 1527 in
243 1469 429 1541 quibusdam
447 1468 568 1527 casibus
589 1467 721 1528 velanda
740 1467 779 1525 sil
792 1466 938 1540 libertas,
961 1478 1034 1533 nonv
1046 1467 1135 1523 secus
1154 1464 1245 1535 alque

154 1610 166 1639 o
188 1588 250 1658 icgi
268 1589 369 1646 solent
385 1587 514 1646 deorum
529 1587 751 1646 immortalium
766 1586 931 1645 simulacra
946 1585 999 1658 (a).
1017 1607 1029 1636 r
1053 1585 1132 1654 Quin
1147 1586 1243 1642 ostra·

152 1704 252 1764 cismo
276 1705 304 1763 ei
325 1704 446 1762 videtur
468 1703 663 1776 popularium
687 1717 810 1763 momm
833 1703 1011 1762 humanitas
1032 1700 1243 1775 comprobari,

151 1839 250 1899 quum
283 1838 301 1882 a
337 1823 559 1882 recentioribus
595 1823 709 1896 injuria
745 1823 885 1881 exsilium
918 1836 974 1895 pro
1014 1835 1113 1895 paena-
1136 1822 1244 1881 baberi

154 1945 254 2003 soleat
279 1943 334 2017 (3).

189 2062 349 2120 Neminem
373 2077 448 2122 sanc
462 2063 541 2122 fallit
562 2067 712 2136 quantum
734 2065 907 2137 equitatem
927 2079 962 2124 ac
976 2065 1127 2123 rationem
1148 2065 1241 2137 privi-

154 2179 235 2252 legia
248 2180 373 2254 leuant,
388 2194 443 2254 per
459 2195 526 2254 quor
547 2183 698 2242 innocens
708 2183 756 2242 vir
771 2196 836 2242 nou
851 2183 945 2242 modo
961 2183 1068 2241 exsilio
1084 2182 1245 2255 afficiatur,

155 2315 249 2375 quam
265 2303 479 2374 gravissimam
493 2318 619 2376 poenam
635 2318 700 2363 esse
716 2319 824 2364 omnes
835 2304 1033 2377 confitentur,
1045 2303 1099 2362 sed
1110 2306 1139 2361 et
1150 2302 1248 2376 capite

154 2420 246 2492 plecti
261 2421 369 2491 possit,
383 2422 503 2480 sublato
512 2421 591 2495 J'uris
607 2422 791 2496 communis,
800 2422 825 2480 si
841 2421 916 2494 quid
930 2423 963 2479 in
975 2435 1011 2480 eo
1026 2422 1076 2496 sil,
1091 2420 1245 2494 prasidio.

154 2541 293 2599 Refertur
302 2541 380 2601 alios
390 2543 431 2601 ad
445 2542 683 2602 Parliamenium
694 2544 845 2603 adductos
855 2543 967 2618 fuisse,
980 2542 1128 2616 quoniam
1143 2541 1248 2601 aberat

153 2673 172 2718 a
196 2659 315 2730 legibus
330 2675 439 2735 paena,
456 2677 522 2735 quae
543 2664 577 2721 in
594 2676 646 2723 cos
666 2664 796 2735 irrogari
813 2667 938 2737 posset,
959 2663 1053 2736 alios,
1080 2659 1245 2735 quoniam,

154 2779 286 2840 servatis
309 2781 513 2841 tribunalibus
542 2785 572 2841 ei
590 2785 701 2855 agendi
721 2760 841 2844 ratione
855 2783 1032 2860 communi,
1055 2796 1121 2841 non
1142 2781 1246 2851 mgere

155 2914 221 2958 non
238 2903 390 2972 poterant.
410 2902 492 2961 Nihil
513 2902 599 2961 aliud
622 2904 672 2962 lex
693 2917 787 2976 quam
806 2906 997 2976 retrospicere
1013 2901 1143 2974 videtur,
1163 2900 1247 2973 quod

155 3032 250 3096 quam
264 3023 351 3080 caule
368 3022 551 3093 fugiendum
567 3025 721 3084 censuerit
734 3029 873 3084 Baoonus
887 3038 981 3097 supra
994 3023 1245 3083 memoravimus.

191 3137 370 3198 Delenditur
383 3143 485 3199 autem
500 3143 616 3201 utilitas
631 3143 771 3218 publica,
787 3158 855 3216 quae
869 3157 970 3202 unum
984 3143 1092 3201 salutis
1105 3142 1247 3202 omnium

154 3269 248 3315 causa
263 3258 351 3329 perdi
372 3260 516 3332 reposcit.
531 3262 652 3320 Nullam
674 3263 774 3332 legem
790 3263 905 3321 bonam
922 3275 988 3320 esse
1007 3261 1160 3336 diximus,
1185 3261 1247 3318 nisi

152 3391 227 3437 cum
241 3377 381 3451 equitate
398 3384 557 3455 congruat,
575 3382 696 3441 eiiamsi
713 3384 828 3444 civitati
839 3384 1000 3456 profutura
1016 3396 1083 3447 csse
1097 3382 1245 3440 videatur.

144 3501 192 3555 rii
208 3510 247 3556 ne
262 3498 321 3557 ista
335 3500 459 3571 quidem
475 3502 612 3562 defensio
629 3504 703 3561 satis
718 3504 808 3563 valet.
830 3504 907 3573 Quid
922 3505 1029 3563 enimi
1051 3504 1111 3563 hoc
1124 3503 1246 3561 liberta-

154 3620 218 3675 tem
236 3616 413 3677 confirmari
438 3625 539 3694 putas,
562 3636 580 3681 o
608 3623 803 3698 Aristotcles,
828 3623 911 3695 quod
930 3637 947 3682 e
967 3623 1088 3683 ciuitate
1111 3621 1247 3707 exsulare

154 3735 303 3806 cogantur
327 3737 512 3811 quicumque
532 3741 564 3797 in
585 3742 704 3799 tantum
727 3741 884 3799 creverint
902 3744 937 3800 ut
960 3742 1045 3800 illam
1065 3738 1248 3798 imminuere

192 4147 221 4207 (i)
234 4145 287 4199 Pol.
303 4146 350 4200 lib.
366 4162 411 4211 ur,
425 4162 449 4202 c.
468 4152 491 4200 i.

193 4237 223 4297 <il
238 4237 437 4304 llouiesquicu,
453 4237 545 4307 Esprrl
561 4239 603 4294 des
616 4239 693 4304 lois,
708 4239 726 4292 i.
740 4253 797 4304 ιιι.
813 4251 835 4291 c.
855 4239 892 4290 ii).

195 4325 514 4395 (3l1b‚,l.xxrr‚c.20.
