<?xml version="1.0" encoding="UTF-8"?>
<!DOCTYPE html PUBLIC "-//W3C//DTD XHTML 1.0 Transitional//EN"
    "http://www.w3.org/TR/xhtml1/DTD/xhtml1-transitional.dtd">
<html xmlns="http://www.w3.org/1999/xhtml" xml:lang="en" lang="en">
 <head>
  <title>
</title>
<meta http-equiv="Content-Type" content="text/html;charset=utf-8" />
  <meta name='ocr-system' content='tesseract 3.04.00' />
  <meta name='ocr-capabilities' content='ocr_page ocr_carea ocr_par ocr_line ocrx_word'/>
</head>
<body>
  <div class='ocr_page' id='page_1' title='image "./dejureapudfranc00desjgoog_0151.png"; bbox 0 0 2782 4868; ppageno 0'>
   <div class='ocr_carea' id='block_1_1' title="bbox 594 333 784 394">
    <p class='ocr_par' dir='ltr' id='par_1_1' title="bbox 594 333 784 394">
     <span class='ocr_line' id='line_1_1' title="bbox 594 333 784 394; baseline -0.005 0"><span class='ocrx_word' id='word_1_1' title='bbox 594 333 784 394; x_wconf 75' lang='lat' dir='ltr'>-lta—</span> 
     </span>
    </p>
   </div>
   <div class='ocr_carea' id='block_1_2' title="bbox 135 482 1304 2096">
    <p class='ocr_par' dir='ltr' id='par_1_2' title="bbox 135 482 1304 2096">
     <span class='ocr_line' id='line_1_2' title="bbox 135 482 1234 558; baseline 0.001 -13"><span class='ocrx_word' id='word_1_2' title='bbox 135 503 160 538; x_wconf 75' lang='grc' dir='ltr'>ἰ</span> <span class='ocrx_word' id='word_1_3' title='bbox 181 500 237 546; x_wconf 92' lang='lat' dir='ltr'>nec</span> <span class='ocrx_word' id='word_1_4' title='bbox 255 484 348 542; x_wconf 90' lang='lat' dir='ltr'>modo</span> <span class='ocrx_word' id='word_1_5' title='bbox 366 483 400 540; x_wconf 88' lang='lat' dir='ltr'>in</span> <span class='ocrx_word' id='word_1_6' title='bbox 415 483 548 554; x_wconf 81' lang='lat' dir='ltr'>aliquem</span> <span class='ocrx_word' id='word_1_7' title='bbox 563 483 751 557; x_wconf 82' lang='lat' dir='ltr'>subjeetum,</span> <span class='ocrx_word' id='word_1_8' title='bbox 768 483 822 541; x_wconf 87' lang='lat' dir='ltr'>sed</span> <span class='ocrx_word' id='word_1_9' title='bbox 837 483 870 540; x_wconf 92' lang='lat' dir='ltr'>in</span> <span class='ocrx_word' id='word_1_10' title='bbox 885 482 1049 556; x_wconf 75' lang='lat' dir='ltr'>collegium</span> <span class='ocrx_word' id='word_1_11' title='bbox 1065 487 1234 558; x_wconf 89' lang='lat' dir='ltr'>quodcum·</span> 
     </span>
     <span class='ocr_line' id='line_1_3' title="bbox 149 601 1235 692; baseline 0.008 -34"><span class='ocrx_word' id='word_1_12' title='bbox 149 630 161 658; x_wconf 93' lang='grc' dir='ltr'>ι</span> <span class='ocrx_word' id='word_1_13' title='bbox 180 619 239 680; x_wconf 90' lang='lat' dir='ltr'>qne</span> <span class='ocrx_word' id='word_1_14' title='bbox 259 615 464 677; x_wconf 90' lang='lat' dir='ltr'>personarum</span> <span class='ocrx_word' id='word_1_15' title='bbox 483 603 532 662; x_wconf 83' lang='lat' dir='ltr'>vel</span> <span class='ocrx_word' id='word_1_16' title='bbox 552 601 776 676; x_wconf 86' lang='lat' dir='ltr'>subjectorum,</span> <span class='ocrx_word' id='word_1_17' title='bbox 796 602 888 661; x_wconf 90' lang='lat' dir='ltr'>etlam</span> <span class='ocrx_word' id='word_1_18' title='bbox 907 602 941 661; x_wconf 93' lang='lat' dir='ltr'>in</span> <span class='ocrx_word' id='word_1_19' title='bbox 953 602 1089 678; x_wconf 87' lang='lat' dir='ltr'>judices,</span> <span class='ocrx_word' id='word_1_20' title='bbox 1105 605 1235 692; x_wconf 13' lang='lat' dir='ltr'>intviros</span> 
     </span>
     <span class='ocr_line' id='line_1_4' title="bbox 146 697 1235 800; baseline 0.009 -21"><span class='ocrx_word' id='word_1_21' title='bbox 146 751 157 779; x_wconf 94' lang='grc' dir='ltr'>ι</span> <span class='ocrx_word' id='word_1_22' title='bbox 179 727 284 800; x_wconf 84' lang='lat' dir='ltr'>quiin</span> <span class='ocrx_word' id='word_1_23' title='bbox 306 724 509 784; x_wconf 75' lang='lat' dir='ltr'>parliamento</span> <span class='ocrx_word' id='word_1_24' title='bbox 530 724 634 782; x_wconf 91' lang='lat' dir='ltr'>locum</span> <span class='ocrx_word' id='word_1_25' title='bbox 653 723 782 798; x_wconf 86' lang='lat' dir='ltr'>habent,</span> <span class='ocrx_word' id='word_1_26' title='bbox 805 724 831 781; x_wconf 92' lang='lat' dir='ltr'>si</span> <span class='ocrx_word' id='word_1_27' title='bbox 857 697 1047 784; x_wconf 89' lang='lat' dir='ltr'>auctoritatis</span> <span class='ocrx_word' id='word_1_28' title='bbox 1069 739 1134 785; x_wconf 77' lang='lat' dir='ltr'>suaa</span> <span class='ocrx_word' id='word_1_29' title='bbox 1156 727 1235 789; x_wconf 88' lang='lat' dir='ltr'>fines</span> 
     </span>
     <span class='ocr_line' id='line_1_5' title="bbox 147 841 1235 916; baseline 0.008 -20"><span class='ocrx_word' id='word_1_30' title='bbox 147 867 159 896; x_wconf 94' lang='grc' dir='ltr'>ιι</span> <span class='ocrx_word' id='word_1_31' title='bbox 180 842 333 903; x_wconf 83' lang='lat' dir='ltr'>excedunt</span> <span class='ocrx_word' id='word_1_32' title='bbox 346 844 399 901; x_wconf 86' lang='lat' dir='ltr'>aut</span> <span class='ocrx_word' id='word_1_33' title='bbox 413 842 529 916; x_wconf 86' lang='lat' dir='ltr'>aliquid</span> <span class='ocrx_word' id='word_1_34' title='bbox 546 855 582 900; x_wconf 83' lang='lat' dir='ltr'>eu</span> <span class='ocrx_word' id='word_1_35' title='bbox 599 841 693 914; x_wconf 82' lang='lat' dir='ltr'>regali</span> <span class='ocrx_word' id='word_1_36' title='bbox 714 842 864 914; x_wconf 81' lang='lat' dir='ltr'>potestate</span> <span class='ocrx_word' id='word_1_37' title='bbox 883 841 931 902; x_wconf 83' lang='lat' dir='ltr'>vel</span> <span class='ocrx_word' id='word_1_38' title='bbox 950 843 1154 915; x_wconf 80' lang='lat' dir='ltr'>prerogativa</span> <span class='ocrx_word' id='word_1_39' title='bbox 1172 859 1235 905; x_wconf 80' lang='lat' dir='ltr'>sue</span> 
     </span>
     <span class='ocr_line' id='line_1_6' title="bbox 148 959 1234 1038; baseline 0.007 -23"><span class='ocrx_word' id='word_1_40' title='bbox 148 986 160 1015; x_wconf 92' lang='grc' dir='ltr'>ιι</span> <span class='ocrx_word' id='word_1_41' title='bbox 179 962 342 1037; x_wconf 87' lang='lat' dir='ltr'>llajestatis</span> <span class='ocrx_word' id='word_1_42' title='bbox 357 961 534 1034; x_wconf 77' lang='lat' dir='ltr'>(letrahunt,</span> <span class='ocrx_word' id='word_1_43' title='bbox 546 974 697 1034; x_wconf 88' lang='lat' dir='ltr'>responso</span> <span class='ocrx_word' id='word_1_44' title='bbox 710 959 890 1034; x_wconf 80' lang='lat' dir='ltr'>justiciarii,</span> <span class='ocrx_word' id='word_1_45' title='bbox 906 974 1011 1019; x_wconf 89' lang='lat' dir='ltr'>coram</span> <span class='ocrx_word' id='word_1_46' title='bbox 1025 965 1104 1034; x_wconf 81' lang='lat' dir='ltr'>Rege</span> <span class='ocrx_word' id='word_1_47' title='bbox 1118 963 1234 1038; x_wconf 88' lang='lat' dir='ltr'>habito,</span> 
     </span>
     <span class='ocr_line' id='line_1_7' title="bbox 147 1077 1234 1152; baseline 0.002 -12"><span class='ocrx_word' id='word_1_48' title='bbox 147 1103 159 1132; x_wconf 76' lang='lat' dir='ltr'>r</span> <span class='ocrx_word' id='word_1_49' title='bbox 181 1095 214 1140; x_wconf 91' lang='lat' dir='ltr'>se</span> <span class='ocrx_word' id='word_1_50' title='bbox 229 1093 362 1152; x_wconf 88' lang='lat' dir='ltr'>suosque</span> <span class='ocrx_word' id='word_1_51' title='bbox 382 1079 513 1151; x_wconf 83' lang='lat' dir='ltr'>collegas</span> <span class='ocrx_word' id='word_1_52' title='bbox 532 1079 641 1152; x_wconf 78' lang='lat' dir='ltr'>lesos,</span> <span class='ocrx_word' id='word_1_53' title='bbox 658 1077 783 1150; x_wconf 88' lang='lat' dir='ltr'>jamque</span> <span class='ocrx_word' id='word_1_54' title='bbox 806 1092 825 1136; x_wconf 91' lang='lat' dir='ltr'>a</span> <span class='ocrx_word' id='word_1_55' title='bbox 846 1081 906 1136; x_wconf 90' lang='lat' dir='ltr'>sua</span> <span class='ocrx_word' id='word_1_56' title='bbox 925 1079 1076 1151; x_wconf 82' lang='lat' dir='ltr'>llajestate</span> <span class='ocrx_word' id='word_1_57' title='bbox 1097 1081 1234 1142; x_wconf 87' lang='lat' dir='ltr'>satisfac·</span> 
     </span>
     <span class='ocr_line' id='line_1_8' title="bbox 148 1195 1237 1271; baseline 0.004 -17"><span class='ocrx_word' id='word_1_58' title='bbox 148 1218 160 1247; x_wconf 78' lang='lat' dir='ltr'>r</span> <span class='ocrx_word' id='word_1_59' title='bbox 182 1197 297 1256; x_wconf 90' lang='lat' dir='ltr'>tionem</span> <span class='ocrx_word' id='word_1_60' title='bbox 322 1198 466 1268; x_wconf 90' lang='lat' dir='ltr'>repetere.</span> <span class='ocrx_word' id='word_1_61' title='bbox 490 1217 502 1246; x_wconf 79' lang='lat' dir='ltr'>r</span> <span class='ocrx_word' id='word_1_62' title='bbox 530 1196 611 1254; x_wconf 89' lang='lat' dir='ltr'>Nihil</span> <span class='ocrx_word' id='word_1_63' title='bbox 638 1195 751 1267; x_wconf 86' lang='lat' dir='ltr'>justius</span> <span class='ocrx_word' id='word_1_64' title='bbox 774 1208 840 1253; x_wconf 90' lang='lat' dir='ltr'>esse</span> <span class='ocrx_word' id='word_1_65' title='bbox 865 1195 999 1253; x_wconf 89' lang='lat' dir='ltr'>declarat</span> <span class='ocrx_word' id='word_1_66' title='bbox 1025 1200 1101 1271; x_wconf 71' lang='lat' dir='ltr'>Rex,</span> <span class='ocrx_word' id='word_1_67' title='bbox 1129 1200 1237 1258; x_wconf 88' lang='lat' dir='ltr'>contra</span> 
     </span>
     <span class='ocr_line' id='line_1_9' title="bbox 145 1311 1236 1398; baseline 0.002 -26"><span class='ocrx_word' id='word_1_68' title='bbox 145 1327 237 1387; x_wconf 90' lang='lat' dir='ltr'>quem</span> <span class='ocrx_word' id='word_1_69' title='bbox 263 1327 329 1398; x_wconf 84' lang='grc'><strong>6666</strong></span> <span class='ocrx_word' id='word_1_70' title='bbox 351 1313 444 1371; x_wconf 86' lang='lat' dir='ltr'>verba</span> <span class='ocrx_word' id='word_1_71' title='bbox 467 1313 620 1371; x_wconf 86' lang='lat' dir='ltr'>facturum</span> <span class='ocrx_word' id='word_1_72' title='bbox 642 1313 733 1382; x_wconf 82' lang='lat' dir='ltr'>negat</span> <span class='ocrx_word' id='word_1_73' title='bbox 753 1311 876 1370; x_wconf 82' lang='lat' dir='ltr'>dolius.</span> <span class='ocrx_word' id='word_1_74' title='bbox 897 1312 1012 1389; x_wconf 83' lang='lat' dir='ltr'>Deinde</span> <span class='ocrx_word' id='word_1_75' title='bbox 1037 1316 1098 1372; x_wconf 82' lang='lat' dir='ltr'>Rex</span> <span class='ocrx_word' id='word_1_76' title='bbox 1116 1315 1236 1387; x_wconf 88' lang='lat' dir='ltr'>judices</span> 
     </span>
     <span class='ocr_line' id='line_1_10' title="bbox 146 1430 1236 1506; baseline 0.002 -15"><span class='ocrx_word' id='word_1_77' title='bbox 146 1433 285 1503; x_wconf 80' lang='lat' dir='ltr'>singulos</span> <span class='ocrx_word' id='word_1_78' title='bbox 301 1433 469 1503; x_wconf 84' lang='lat' dir='ltr'>interrogat</span> <span class='ocrx_word' id='word_1_79' title='bbox 484 1431 560 1504; x_wconf 91' lang='lat' dir='ltr'>quid</span> <span class='ocrx_word' id='word_1_80' title='bbox 575 1433 735 1503; x_wconf 75' lang='lat' dir='ltr'>censeant,</span> <span class='ocrx_word' id='word_1_81' title='bbox 752 1430 894 1503; x_wconf 87' lang='lat' dir='ltr'>aperiunt</span> <span class='ocrx_word' id='word_1_82' title='bbox 910 1445 1018 1491; x_wconf 88' lang='lat' dir='ltr'>omnes</span> <span class='ocrx_word' id='word_1_83' title='bbox 1035 1434 1236 1506; x_wconf 85' lang='lat' dir='ltr'>sententiam,</span> 
     </span>
     <span class='ocr_line' id='line_1_11' title="bbox 145 1551 1237 1625; baseline 0.003 -15"><span class='ocrx_word' id='word_1_84' title='bbox 145 1552 256 1625; x_wconf 84' lang='lat' dir='ltr'>prater</span> <span class='ocrx_word' id='word_1_85' title='bbox 273 1552 416 1625; x_wconf 78' lang='lat' dir='ltr'>eckium,</span> <span class='ocrx_word' id='word_1_86' title='bbox 431 1552 485 1623; x_wconf 94' lang='lat' dir='ltr'>qui</span> <span class='ocrx_word' id='word_1_87' title='bbox 500 1551 714 1610; x_wconf 90' lang='lat' dir='ltr'>tantummodo</span> <span class='ocrx_word' id='word_1_88' title='bbox 731 1563 798 1609; x_wconf 88' lang='lat' dir='ltr'>sese</span> <span class='ocrx_word' id='word_1_89' title='bbox 811 1552 951 1609; x_wconf 88' lang='lat' dir='ltr'>acturum</span> <span class='ocrx_word' id='word_1_90' title='bbox 966 1565 1048 1624; x_wconf 88' lang='lat' dir='ltr'>esse,</span> <span class='ocrx_word' id='word_1_91' title='bbox 1065 1553 1237 1612; x_wconf 90' lang='lat' dir='ltr'>secundum</span> 
     </span>
     <span class='ocr_line' id='line_1_12' title="bbox 146 1642 1304 1746; baseline -0.001 -15"><span class='ocrx_word' id='word_1_92' title='bbox 146 1672 282 1732; x_wconf 82' lang='lat' dir='ltr'>osticium</span> <span class='ocrx_word' id='word_1_93' title='bbox 304 1671 433 1744; x_wconf 85' lang='lat' dir='ltr'>judicis,</span> <span class='ocrx_word' id='word_1_94' title='bbox 449 1642 451 1649; x_wconf 10' lang='grc' dir='ltr'>ἲ</span> <span class='ocrx_word' id='word_1_95' title='bbox 465 1670 590 1743; x_wconf 80' lang='lat' dir='ltr'>asserit3</span> <span class='ocrx_word' id='word_1_96' title='bbox 619 1683 727 1729; x_wconf 85' lang='lat' dir='ltr'>omnes</span> <span class='ocrx_word' id='word_1_97' title='bbox 765 1685 903 1744; x_wconf 90' lang='lat' dir='ltr'>quoque,</span> <span class='ocrx_word' id='word_1_98' title='bbox 930 1673 1040 1742; x_wconf 79' lang='lat' dir='ltr'>praeter</span> <span class='ocrx_word' id='word_1_99' title='bbox 1075 1672 1236 1746; x_wconf 90' lang='lat' dir='ltr'>eumdem,</span> <span class='ocrx_word' id='word_1_100' title='bbox 1302 1707 1304 1711; x_wconf 60' lang='grc'><strong><em>«</em></strong></span> 
     </span>
     <span class='ocr_line' id='line_1_13' title="bbox 146 1786 1234 1860; baseline 0.003 -15"><span class='ocrx_word' id='word_1_101' title='bbox 146 1789 218 1858; x_wconf 84' lang='lat' dir='ltr'>Regi</span> <span class='ocrx_word' id='word_1_102' title='bbox 241 1788 425 1860; x_wconf 81' lang='lat' dir='ltr'>pollicentur</span> <span class='ocrx_word' id='word_1_103' title='bbox 449 1801 515 1846; x_wconf 88' lang='grc'><strong>6666</strong></span> <span class='ocrx_word' id='word_1_104' title='bbox 544 1786 630 1845; x_wconf 92' lang='lat' dir='ltr'>nullo</span> <span class='ocrx_word' id='word_1_105' title='bbox 661 1786 754 1844; x_wconf 91' lang='lat' dir='ltr'>modo</span> <span class='ocrx_word' id='word_1_106' title='bbox 784 1787 965 1858; x_wconf 90' lang='lat' dir='ltr'>potestatem</span> <span class='ocrx_word' id='word_1_107' title='bbox 1000 1787 1066 1860; x_wconf 88' lang='lat' dir='ltr'>ejus</span> <span class='ocrx_word' id='word_1_108' title='bbox 1095 1789 1234 1848; x_wconf 80' lang='lat' dir='ltr'>lesuros.</span> 
     </span>
     <span class='ocr_line' id='line_1_14' title="bbox 146 1904 1236 1980; baseline 0.006 -18"><span class='ocrx_word' id='word_1_109' title='bbox 146 1908 229 1964; x_wconf 85' lang='lat' dir='ltr'>Tune</span> <span class='ocrx_word' id='word_1_110' title='bbox 247 1919 300 1964; x_wconf 90' lang='lat' dir='ltr'>eos</span> <span class='ocrx_word' id='word_1_111' title='bbox 320 1906 447 1964; x_wconf 88' lang='lat' dir='ltr'>dimittit</span> <span class='ocrx_word' id='word_1_112' title='bbox 459 1905 605 1977; x_wconf 85' lang='lat' dir='ltr'>lacobus,</span> <span class='ocrx_word' id='word_1_113' title='bbox 627 1918 790 1977; x_wconf 91' lang='lat' dir='ltr'>coramque</span> <span class='ocrx_word' id='word_1_114' title='bbox 810 1904 941 1963; x_wconf 91' lang='lat' dir='ltr'>concillo</span> <span class='ocrx_word' id='word_1_115' title='bbox 967 1919 1039 1979; x_wconf 90' lang='lat' dir='ltr'>sno,</span> <span class='ocrx_word' id='word_1_116' title='bbox 1065 1909 1151 1980; x_wconf 87' lang='lat' dir='ltr'>qood</span> <span class='ocrx_word' id='word_1_117' title='bbox 1171 1922 1236 1968; x_wconf 91' lang='lat' dir='ltr'>non</span> 
     </span>
     <span class='ocr_line' id='line_1_15' title="bbox 147 2022 1235 2096; baseline 0.006 -16"><span class='ocrx_word' id='word_1_118' title='bbox 147 2025 238 2080; x_wconf 89' lang='lat' dir='ltr'>antea</span> <span class='ocrx_word' id='word_1_119' title='bbox 267 2023 455 2095; x_wconf 81' lang='lat' dir='ltr'>interrogare</span> <span class='ocrx_word' id='word_1_120' title='bbox 488 2023 603 2096; x_wconf 86' lang='lat' dir='ltr'>voluit,</span> <span class='ocrx_word' id='word_1_121' title='bbox 631 2037 670 2080; x_wconf 92' lang='lat' dir='ltr'>ne</span> <span class='ocrx_word' id='word_1_122' title='bbox 695 2037 759 2081; x_wconf 92' lang='lat' dir='ltr'>non</span> <span class='ocrx_word' id='word_1_123' title='bbox 789 2022 887 2080; x_wconf 51' lang='lat' dir='ltr'>liberi¹</span> <span class='ocrx_word' id='word_1_124' title='bbox 909 2037 974 2082; x_wconf 90' lang='lat' dir='ltr'>esse</span> <span class='ocrx_word' id='word_1_125' title='bbox 1001 2023 1122 2096; x_wconf 83' lang='lat' dir='ltr'>judices</span> <span class='ocrx_word' id='word_1_126' title='bbox 1153 2027 1235 2086; x_wconf 89' lang='lat' dir='ltr'>vide·</span> 
     </span>
    </p>
   </div>
   <div class='ocr_carea' id='block_1_3' title="bbox 146 2144 1238 2456">
    <p class='ocr_par' dir='ltr' id='par_1_3' title="bbox 146 2144 1238 2456">
     <span class='ocr_line' id='line_1_16' title="bbox 147 2144 1237 2222; baseline 0.006 -21"><span class='ocrx_word' id='word_1_127' title='bbox 147 2146 263 2216; x_wconf 89' lang='lat' dir='ltr'>rentur,</span> <span class='ocrx_word' id='word_1_128' title='bbox 288 2157 352 2202; x_wconf 89' lang='lat' dir='ltr'>rem</span> <span class='ocrx_word' id='word_1_129' title='bbox 372 2145 405 2201; x_wconf 89' lang='lat' dir='ltr'>in</span> <span class='ocrx_word' id='word_1_130' title='bbox 421 2144 523 2203; x_wconf 90' lang='lat' dir='ltr'>medio</span> <span class='ocrx_word' id='word_1_131' title='bbox 544 2145 642 2217; x_wconf 90' lang='lat' dir='ltr'>ponit.</span> <span class='ocrx_word' id='word_1_132' title='bbox 661 2147 774 2202; x_wconf 86' lang='lat' dir='ltr'>Omnes</span> <span class='ocrx_word' id='word_1_133' title='bbox 799 2147 900 2203; x_wconf 88' lang='lat' dir='ltr'>autem</span> <span class='ocrx_word' id='word_1_134' title='bbox 921 2146 954 2203; x_wconf 93' lang='lat' dir='ltr'>in</span> <span class='ocrx_word' id='word_1_135' title='bbox 969 2161 1067 2206; x_wconf 91' lang='lat' dir='ltr'>unum</span> <span class='ocrx_word' id='word_1_136' title='bbox 1081 2162 1155 2206; x_wconf 89' lang='lat' dir='ltr'>cum</span> <span class='ocrx_word' id='word_1_137' title='bbox 1170 2149 1237 2222; x_wconf 87' lang='lat' dir='ltr'>ipso</span> 
     </span>
     <span class='ocr_line' id='line_1_17' title="bbox 146 2263 345 2327; baseline -0.005 -6"><span class='ocrx_word' id='word_1_138' title='bbox 146 2263 345 2327; x_wconf 81' lang='lat' dir='ltr'>conueniunt.</span> 
     </span>
     <span class='ocr_line' id='line_1_18' title="bbox 179 2381 1238 2456; baseline 0.003 -17"><span class='ocrx_word' id='word_1_139' title='bbox 179 2385 247 2441; x_wconf 83' lang='lat' dir='ltr'>lam</span> <span class='ocrx_word' id='word_1_140' title='bbox 263 2382 356 2440; x_wconf 90' lang='lat' dir='ltr'>satis:</span> <span class='ocrx_word' id='word_1_141' title='bbox 374 2382 449 2455; x_wconf 93' lang='lat' dir='ltr'>quid</span> <span class='ocrx_word' id='word_1_142' title='bbox 463 2382 555 2441; x_wconf 87' lang='lat' dir='ltr'>fuerit</span> <span class='ocrx_word' id='word_1_143' title='bbox 569 2381 703 2456; x_wconf 59' lang='lat' dir='ltr'>tuncssjus</span> <span class='ocrx_word' id='word_1_144' title='bbox 716 2383 818 2442; x_wconf 89' lang='lat' dir='ltr'>dicere</span> <span class='ocrx_word' id='word_1_145' title='bbox 828 2386 972 2456; x_wconf 90' lang='lat' dir='ltr'>apparet:</span> <span class='ocrx_word' id='word_1_146' title='bbox 990 2383 1105 2454; x_wconf 75' lang='lat' dir='ltr'>anglie</span> <span class='ocrx_word' id='word_1_147' title='bbox 1115 2384 1238 2456; x_wconf 79' lang='lat' dir='ltr'>regibus</span> 
     </span>
    </p>
   </div>
   <div class='ocr_carea' id='block_1_4' title="bbox 146 2501 1237 2817">
    <p class='ocr_par' dir='ltr' id='par_1_4' title="bbox 146 2501 1237 2817">
     <span class='ocr_line' id='line_1_19' title="bbox 146 2501 1236 2577; baseline 0.002 -17"><span class='ocrx_word' id='word_1_148' title='bbox 146 2515 255 2577; x_wconf 89' lang='lat' dir='ltr'>parurn</span> <span class='ocrx_word' id='word_1_149' title='bbox 264 2502 323 2560; x_wconf 87' lang='lat' dir='ltr'>fuit</span> <span class='ocrx_word' id='word_1_150' title='bbox 332 2502 408 2560; x_wconf 88' lang='lat' dir='ltr'>alias</span> <span class='ocrx_word' id='word_1_151' title='bbox 420 2502 499 2575; x_wconf 88' lang='lat' dir='ltr'>jnris</span> <span class='ocrx_word' id='word_1_152' title='bbox 513 2502 630 2561; x_wconf 86' lang='lat' dir='ltr'>formas</span> <span class='ocrx_word' id='word_1_153' title='bbox 646 2501 787 2576; x_wconf 80' lang='lat' dir='ltr'>linxisse,</span> <span class='ocrx_word' id='word_1_154' title='bbox 802 2502 878 2562; x_wconf 90' lang='lat' dir='ltr'>alias</span> <span class='ocrx_word' id='word_1_155' title='bbox 894 2502 995 2560; x_wconf 88' lang='lat' dir='ltr'>corias</span> <span class='ocrx_word' id='word_1_156' title='bbox 1010 2515 1145 2577; x_wconf 84' lang='lat' dir='ltr'>creasse,</span> <span class='ocrx_word' id='word_1_157' title='bbox 1158 2504 1236 2562; x_wconf 87' lang='lat' dir='ltr'>alias</span> 
     </span>
     <span class='ocr_line' id='line_1_20' title="bbox 146 2621 1234 2696; baseline 0 -16"><span class='ocrx_word' id='word_1_158' title='bbox 146 2636 254 2695; x_wconf 87' lang='lat' dir='ltr'>poenas</span> <span class='ocrx_word' id='word_1_159' title='bbox 269 2623 390 2694; x_wconf 91' lang='lat' dir='ltr'>tulisse,</span> <span class='ocrx_word' id='word_1_160' title='bbox 409 2623 471 2682; x_wconf 87' lang='lat' dir='ltr'>alia</span> <span class='ocrx_word' id='word_1_161' title='bbox 491 2623 606 2681; x_wconf 90' lang='lat' dir='ltr'>scelera</span> <span class='ocrx_word' id='word_1_162' title='bbox 624 2623 779 2696; x_wconf 82' lang='lat' dir='ltr'>sanxisse3</span> <span class='ocrx_word' id='word_1_163' title='bbox 803 2635 843 2680; x_wconf 92' lang='lat' dir='ltr'>ne</span> <span class='ocrx_word' id='word_1_164' title='bbox 864 2621 966 2694; x_wconf 89' lang='lat' dir='ltr'>prisea</span> <span class='ocrx_word' id='word_1_165' title='bbox 987 2621 1114 2694; x_wconf 90' lang='lat' dir='ltr'>quidem</span> <span class='ocrx_word' id='word_1_166' title='bbox 1138 2623 1234 2680; x_wconf 87' lang='lat' dir='ltr'>trihu-</span> 
     </span>
     <span class='ocr_line' id='line_1_21' title="bbox 146 2741 1237 2817; baseline 0.002 -17"><span class='ocrx_word' id='word_1_167' title='bbox 146 2741 243 2815; x_wconf 87' lang='lat' dir='ltr'>nalia,</span> <span class='ocrx_word' id='word_1_168' title='bbox 259 2756 300 2799; x_wconf 91' lang='lat' dir='ltr'>ne</span> <span class='ocrx_word' id='word_1_169' title='bbox 311 2741 431 2815; x_wconf 84' lang='lat' dir='ltr'>judices</span> <span class='ocrx_word' id='word_1_170' title='bbox 447 2742 572 2814; x_wconf 89' lang='lat' dir='ltr'>quidem</span> <span class='ocrx_word' id='word_1_171' title='bbox 586 2742 656 2800; x_wconf 93' lang='lat' dir='ltr'>illos</span> <span class='ocrx_word' id='word_1_172' title='bbox 673 2743 725 2814; x_wconf 91' lang='lat' dir='ltr'>qui</span> <span class='ocrx_word' id='word_1_173' title='bbox 742 2743 857 2814; x_wconf 81' lang='lat' dir='ltr'>exlege</span> <span class='ocrx_word' id='word_1_174' title='bbox 872 2744 1003 2801; x_wconf 90' lang='lat' dir='ltr'>statuere</span> <span class='ocrx_word' id='word_1_175' title='bbox 1018 2742 1237 2817; x_wconf 82' lang='lat' dir='ltr'>debebant,ne</span> 
     </span>
    </p>
   </div>
   <div class='ocr_carea' id='block_1_5' title="bbox 145 2859 1237 3046">
    <p class='ocr_par' dir='ltr' id='par_1_5' title="bbox 145 2859 1237 3046">
     <span class='ocr_line' id='line_1_22' title="bbox 145 2859 1234 2933; baseline 0 -15"><span class='ocrx_word' id='word_1_176' title='bbox 145 2859 243 2930; x_wconf 80' lang='lat' dir='ltr'>legem</span> <span class='ocrx_word' id='word_1_177' title='bbox 259 2859 383 2933; x_wconf 89' lang='lat' dir='ltr'>quidem</span> <span class='ocrx_word' id='word_1_178' title='bbox 399 2859 484 2918; x_wconf 90' lang='lat' dir='ltr'>illam</span> <span class='ocrx_word' id='word_1_179' title='bbox 500 2873 696 2919; x_wconf 89' lang='lat' dir='ltr'>communem</span> <span class='ocrx_word' id='word_1_180' title='bbox 710 2874 773 2918; x_wconf 92' lang='lat' dir='ltr'>non</span> <span class='ocrx_word' id='word_1_181' title='bbox 789 2874 826 2918; x_wconf 88' lang='lat' dir='ltr'>ex</span> <span class='ocrx_word' id='word_1_182' title='bbox 836 2873 901 2919; x_wconf 89' lang='lat' dir='ltr'>sese</span> <span class='ocrx_word' id='word_1_183' title='bbox 912 2860 1046 2932; x_wconf 90' lang='lat' dir='ltr'>pendere</span> <span class='ocrx_word' id='word_1_184' title='bbox 1056 2859 1141 2932; x_wconf 90' lang='lat' dir='ltr'>passi</span> <span class='ocrx_word' id='word_1_185' title='bbox 1152 2861 1234 2918; x_wconf 86' lang='lat' dir='ltr'>sunt.</span> 
     </span>
     <span class='ocr_line' id='line_1_23' title="bbox 146 2975 1237 3046; baseline 0.003 -13"><span class='ocrx_word' id='word_1_186' title='bbox 146 2975 256 3033; x_wconf 86' lang='lat' dir='ltr'>Omnia</span> <span class='ocrx_word' id='word_1_187' title='bbox 271 2976 305 3032; x_wconf 92' lang='lat' dir='ltr'>in</span> <span class='ocrx_word' id='word_1_188' title='bbox 320 2989 413 3046; x_wconf 84' lang='lat' dir='ltr'>regno</span> <span class='ocrx_word' id='word_1_189' title='bbox 429 2989 484 3034; x_wconf 87' lang='lat' dir='ltr'>suo</span> <span class='ocrx_word' id='word_1_190' title='bbox 500 2989 556 3034; x_wconf 91' lang='lat' dir='ltr'>sua</span> <span class='ocrx_word' id='word_1_191' title='bbox 572 2977 672 3035; x_wconf 88' lang='lat' dir='ltr'>facere</span> <span class='ocrx_word' id='word_1_192' title='bbox 685 2976 859 3035; x_wconf 88' lang='lat' dir='ltr'>voluerunt.</span> <span class='ocrx_word' id='word_1_193' title='bbox 882 2979 950 3034; x_wconf 82' lang='lat' dir='ltr'>lieo</span> <span class='ocrx_word' id='word_1_194' title='bbox 967 2978 1069 3034; x_wconf 91' lang='lat' dir='ltr'>autem</span> <span class='ocrx_word' id='word_1_195' title='bbox 1083 2976 1144 3034; x_wconf 85' lang='lat' dir='ltr'>luit</span> <span class='ocrx_word' id='word_1_196' title='bbox 1156 2977 1237 3036; x_wconf 87' lang='lat' dir='ltr'>inter</span> 
     </span>
    </p>
   </div>
   <div class='ocr_carea' id='block_1_6' title="bbox 147 3093 1235 3290">
    <p class='ocr_par' dir='ltr' id='par_1_6' title="bbox 147 3093 1235 3290">
     <span class='ocr_line' id='line_1_24' title="bbox 147 3093 1235 3168; baseline 0.001 -15"><span class='ocrx_word' id='word_1_197' title='bbox 147 3095 316 3168; x_wconf 82' lang='lat' dir='ltr'>praecipuas</span> <span class='ocrx_word' id='word_1_198' title='bbox 331 3108 450 3166; x_wconf 81' lang='lat' dir='ltr'>magnae</span> <span class='ocrx_word' id='word_1_199' title='bbox 467 3095 550 3153; x_wconf 90' lang='lat' dir='ltr'>illius</span> <span class='ocrx_word' id='word_1_200' title='bbox 567 3095 747 3154; x_wconf 91' lang='lat' dir='ltr'>mutationis</span> <span class='ocrx_word' id='word_1_201' title='bbox 766 3108 870 3153; x_wconf 90' lang='lat' dir='ltr'>rerum</span> <span class='ocrx_word' id='word_1_202' title='bbox 888 3094 921 3152; x_wconf 92' lang='lat' dir='ltr'>in</span> <span class='ocrx_word' id='word_1_203' title='bbox 940 3093 1097 3152; x_wconf 84' lang='lat' dir='ltr'>Britannia</span> <span class='ocrx_word' id='word_1_204' title='bbox 1110 3109 1235 3167; x_wconf 88' lang='lat' dir='ltr'>causas,</span> 
     </span>
     <span class='ocr_line' id='line_1_25' title="bbox 149 3215 1235 3290; baseline 0.001 -17"><span class='ocrx_word' id='word_1_205' title='bbox 149 3216 324 3290; x_wconf 81' lang='lat' dir='ltr'>quodjuris</span> <span class='ocrx_word' id='word_1_206' title='bbox 339 3217 454 3289; x_wconf 89' lang='lat' dir='ltr'>speeies</span> <span class='ocrx_word' id='word_1_207' title='bbox 474 3218 592 3276; x_wconf 90' lang='lat' dir='ltr'>tantum</span> <span class='ocrx_word' id='word_1_208' title='bbox 612 3218 750 3276; x_wconf 89' lang='lat' dir='ltr'>maneret</span> <span class='ocrx_word' id='word_1_209' title='bbox 767 3218 857 3288; x_wconf 89' lang='lat' dir='ltr'>atque</span> <span class='ocrx_word' id='word_1_210' title='bbox 871 3215 973 3274; x_wconf 90' lang='lat' dir='ltr'>inanis</span> <span class='ocrx_word' id='word_1_211' title='bbox 992 3215 1111 3289; x_wconf 83' lang='lat' dir='ltr'>forma,</span> <span class='ocrx_word' id='word_1_212' title='bbox 1127 3228 1235 3274; x_wconf 90' lang='lat' dir='ltr'>omnes</span> 
     </span>
    </p>
   </div>
   <div class='ocr_carea' id='block_1_7' title="bbox 149 3333 1234 3511">
    <p class='ocr_par' dir='ltr' id='par_1_7' title="bbox 149 3333 1234 3511">
     <span class='ocr_line' id='line_1_26' title="bbox 149 3333 1234 3408; baseline 0.001 -17"><span class='ocrx_word' id='word_1_213' title='bbox 149 3334 273 3405; x_wconf 88' lang='lat' dir='ltr'>quidem</span> <span class='ocrx_word' id='word_1_214' title='bbox 297 3336 388 3393; x_wconf 87' lang='lat' dir='ltr'>curiae</span> <span class='ocrx_word' id='word_1_215' title='bbox 411 3338 463 3394; x_wconf 90' lang='lat' dir='ltr'>aut</span> <span class='ocrx_word' id='word_1_216' title='bbox 483 3337 534 3408; x_wconf 86' lang='lat' dir='ltr'>jus</span> <span class='ocrx_word' id='word_1_217' title='bbox 559 3339 611 3395; x_wconf 87' lang='lat' dir='ltr'>aut</span> <span class='ocrx_word' id='word_1_218' title='bbox 638 3336 812 3408; x_wconf 78' lang='lat' dir='ltr'>aequitatem</span> <span class='ocrx_word' id='word_1_219' title='bbox 841 3335 904 3405; x_wconf 81' lang='lat' dir='ltr'>regi</span> <span class='ocrx_word' id='word_1_220' title='bbox 936 3333 1114 3393; x_wconf 89' lang='lat' dir='ltr'>condonare</span> <span class='ocrx_word' id='word_1_221' title='bbox 1138 3334 1234 3394; x_wconf 84' lang='lat' dir='ltr'>sonte</span> 
     </span>
     <span class='ocr_line' id='line_1_27' title="bbox 149 3454 260 3511; baseline -0.009 0"><span class='ocrx_word' id='word_1_222' title='bbox 149 3454 260 3511; x_wconf 89' lang='lat' dir='ltr'>essent.</span> 
     </span>
    </p>
   </div>
   <div class='ocr_carea' id='block_1_8' title="bbox 146 3572 1235 4372">
    <p class='ocr_par' dir='ltr' id='par_1_8' title="bbox 146 3572 1235 4372">
     <span class='ocr_line' id='line_1_28' title="bbox 183 3572 1235 3646; baseline 0.002 -15"><span class='ocrx_word' id='word_1_223' title='bbox 183 3577 260 3632; x_wconf 90' lang='lat' dir='ltr'>Laus</span> <span class='ocrx_word' id='word_1_224' title='bbox 275 3574 401 3633; x_wconf 86' lang='lat' dir='ltr'>debetur</span> <span class='ocrx_word' id='word_1_225' title='bbox 414 3573 470 3632; x_wconf 93' lang='lat' dir='ltr'>uni</span> <span class='ocrx_word' id='word_1_226' title='bbox 488 3573 573 3646; x_wconf 89' lang='lat' dir='ltr'>viro,</span> <span class='ocrx_word' id='word_1_227' title='bbox 589 3573 728 3631; x_wconf 81' lang='lat' dir='ltr'>Eduardo</span> <span class='ocrx_word' id='word_1_228' title='bbox 747 3573 850 3632; x_wconf 82' lang='lat' dir='ltr'>dokio.</span> <span class='ocrx_word' id='word_1_229' title='bbox 866 3575 949 3630; x_wconf 84' lang='lat' dir='ltr'>Unus</span> <span class='ocrx_word' id='word_1_230' title='bbox 964 3572 1015 3631; x_wconf 90' lang='lat' dir='ltr'>ille</span> <span class='ocrx_word' id='word_1_231' title='bbox 1033 3572 1114 3630; x_wconf 88' lang='lat' dir='ltr'>inter</span> <span class='ocrx_word' id='word_1_232' title='bbox 1128 3586 1235 3633; x_wconf 89' lang='lat' dir='ltr'>omnes</span> 
     </span>
     <span class='ocr_line' id='line_1_29' title="bbox 146 3695 1235 3781; baseline 0 -26"><span class='ocrx_word' id='word_1_233' title='bbox 146 3696 265 3769; x_wconf 90' lang='lat' dir='ltr'>judices</span> <span class='ocrx_word' id='word_1_234' title='bbox 275 3697 363 3769; x_wconf 85' lang='lat' dir='ltr'>regiae</span> <span class='ocrx_word' id='word_1_235' title='bbox 374 3696 643 3770; x_wconf 82' lang='lat' dir='ltr'>potestationstare</span> <span class='ocrx_word' id='word_1_236' title='bbox 653 3711 717 3755; x_wconf 91' lang='lat' dir='ltr'>non</span> <span class='ocrx_word' id='word_1_237' title='bbox 728 3696 887 3781; x_wconf 78' lang='lat' dir='ltr'>dubitavit,</span> <span class='ocrx_word' id='word_1_238' title='bbox 897 3695 1024 3767; x_wconf 80' lang='lat' dir='ltr'>gratiam</span> <span class='ocrx_word' id='word_1_239' title='bbox 1035 3707 1235 3768; x_wconf 88' lang='lat' dir='ltr'>spernerepo·</span> 
     </span>
     <span class='ocr_line' id='line_1_30' title="bbox 150 3815 1234 3893; baseline -0.002 -19"><span class='ocrx_word' id='word_1_240' title='bbox 150 3818 220 3890; x_wconf 72' lang='lat' dir='ltr'>tuit,</span> <span class='ocrx_word' id='word_1_241' title='bbox 232 3832 313 3875; x_wconf 89' lang='lat' dir='ltr'>unus</span> <span class='ocrx_word' id='word_1_242' title='bbox 321 3818 400 3893; x_wconf 84' lang='lat' dir='ltr'>vitae,</span> <span class='ocrx_word' id='word_1_243' title='bbox 410 3831 491 3876; x_wconf 91' lang='lat' dir='ltr'>unns</span> <span class='ocrx_word' id='word_1_244' title='bbox 501 3817 633 3876; x_wconf 88' lang='lat' dir='ltr'>libertati</span> <span class='ocrx_word' id='word_1_245' title='bbox 646 3817 784 3876; x_wconf 92' lang='lat' dir='ltr'>omnium</span> <span class='ocrx_word' id='word_1_246' title='bbox 795 3816 960 3876; x_wconf 88' lang='lat' dir='ltr'>consuluit.</span> <span class='ocrx_word' id='word_1_247' title='bbox 971 3819 1045 3874; x_wconf 84' lang='lat' dir='ltr'>Cum</span> <span class='ocrx_word' id='word_1_248' title='bbox 1055 3828 1090 3873; x_wconf 92' lang='lat' dir='ltr'>eo</span> <span class='ocrx_word' id='word_1_249' title='bbox 1103 3815 1234 3874; x_wconf 82' lang='lat' dir='ltr'>acerbis-</span> 
     </span>
     <span class='ocr_line' id='line_1_31' title="bbox 150 3934 1235 4008; baseline -0.001 -15"><span class='ocrx_word' id='word_1_250' title='bbox 150 3936 243 3994; x_wconf 89' lang='lat' dir='ltr'>simas</span> <span class='ocrx_word' id='word_1_251' title='bbox 260 3935 436 3995; x_wconf 89' lang='lat' dir='ltr'>inimicitias</span> <span class='ocrx_word' id='word_1_252' title='bbox 451 3937 544 4008; x_wconf 86' lang='lat' dir='ltr'>gessit</span> <span class='ocrx_word' id='word_1_253' title='bbox 561 3940 713 4005; x_wconf 89' lang='lat' dir='ltr'>Baconns;</span> <span class='ocrx_word' id='word_1_254' title='bbox 729 3936 766 3994; x_wconf 88' lang='lat' dir='ltr'>ah</span> <span class='ocrx_word' id='word_1_255' title='bbox 783 3949 818 3993; x_wconf 95' lang='lat' dir='ltr'>eo</span> <span class='ocrx_word' id='word_1_256' title='bbox 835 3936 868 3993; x_wconf 95' lang='lat' dir='ltr'>in</span> <span class='ocrx_word' id='word_1_257' title='bbox 881 3935 948 3994; x_wconf 87' lang='lat' dir='ltr'>foro</span> <span class='ocrx_word' id='word_1_258' title='bbox 958 3934 1095 4006; x_wconf 82' lang='lat' dir='ltr'>vexatus,</span> <span class='ocrx_word' id='word_1_259' title='bbox 1107 3935 1182 4006; x_wconf 93' lang='lat' dir='ltr'>quid</span> <span class='ocrx_word' id='word_1_260' title='bbox 1196 3934 1235 3992; x_wconf 88' lang='lat' dir='ltr'>ad</span> 
     </span>
     <span class='ocr_line' id='line_1_32' title="bbox 150 4054 1235 4131; baseline -0.004 -16"><span class='ocrx_word' id='word_1_261' title='bbox 150 4071 220 4116; x_wconf 89' lang='lat' dir='ltr'>eum</span> <span class='ocrx_word' id='word_1_262' title='bbox 236 4059 392 4130; x_wconf 86' lang='lat' dir='ltr'>scripserit</span> <span class='ocrx_word' id='word_1_263' title='bbox 410 4061 515 4117; x_wconf 88' lang='lat' dir='ltr'>noster</span> <span class='ocrx_word' id='word_1_264' title='bbox 529 4072 621 4131; x_wconf 87' lang='lat' dir='ltr'>supra</span> <span class='ocrx_word' id='word_1_265' title='bbox 634 4058 779 4117; x_wconf 80' lang='lat' dir='ltr'>vidimus</span> <span class='ocrx_word' id='word_1_266' title='bbox 795 4057 850 4114; x_wconf 85' lang='lat' dir='ltr'>Ubi</span> <span class='ocrx_word' id='word_1_267' title='bbox 872 4057 936 4129; x_wconf 90' lang='lat' dir='ltr'>ipse</span> <span class='ocrx_word' id='word_1_268' title='bbox 958 4057 1092 4115; x_wconf 89' lang='lat' dir='ltr'>honores</span> <span class='ocrx_word' id='word_1_269' title='bbox 1111 4055 1183 4112; x_wconf 88' lang='lat' dir='ltr'>iniit</span> <span class='ocrx_word' id='word_1_270' title='bbox 1196 4054 1235 4112; x_wconf 88' lang='lat' dir='ltr'>ad</span> 
     </span>
     <span class='ocr_line' id='line_1_33' title="bbox 152 4176 1233 4253; baseline -0.003 -17"><span class='ocrx_word' id='word_1_271' title='bbox 152 4193 313 4252; x_wconf 81' lang='lat' dir='ltr'>regemque</span> <span class='ocrx_word' id='word_1_272' title='bbox 330 4182 467 4253; x_wconf 90' lang='lat' dir='ltr'>accessit,</span> <span class='ocrx_word' id='word_1_273' title='bbox 484 4181 562 4239; x_wconf 88' lang='lat' dir='ltr'>nihil</span> <span class='ocrx_word' id='word_1_274' title='bbox 581 4179 679 4251; x_wconf 81' lang='lat' dir='ltr'>magis</span> <span class='ocrx_word' id='word_1_275' title='bbox 693 4179 779 4238; x_wconf 90' lang='lat' dir='ltr'>cordi</span> <span class='ocrx_word' id='word_1_276' title='bbox 796 4178 903 4237; x_wconf 86' lang='lat' dir='ltr'>habuit</span> <span class='ocrx_word' id='word_1_277' title='bbox 917 4191 1010 4250; x_wconf 91' lang='lat' dir='ltr'>quam</span> <span class='ocrx_word' id='word_1_278' title='bbox 1025 4176 1154 4235; x_wconf 81' lang='lat' dir='ltr'>dolium</span> <span class='ocrx_word' id='word_1_279' title='bbox 1167 4176 1233 4234; x_wconf 91' lang='lat' dir='ltr'>des-</span> 
     </span>
     <span class='ocr_line' id='line_1_34' title="bbox 153 4295 1233 4372; baseline -0.004 -19"><span class='ocrx_word' id='word_1_280' title='bbox 153 4299 251 4357; x_wconf 87' lang='lat' dir='ltr'>truere</span> <span class='ocrx_word' id='word_1_281' title='bbox 268 4321 274 4358; x_wconf 92' lang='lat'><strong>:</strong></span> <span class='ocrx_word' id='word_1_282' title='bbox 292 4303 454 4372; x_wconf 81' lang='lat' dir='ltr'>postquam</span> <span class='ocrx_word' id='word_1_283' title='bbox 479 4300 588 4359; x_wconf 76' lang='lat' dir='ltr'>dolius</span> <span class='ocrx_word' id='word_1_284' title='bbox 608 4300 776 4359; x_wconf 80' lang='lat' dir='ltr'>nonoribus</span> <span class='ocrx_word' id='word_1_285' title='bbox 797 4299 944 4371; x_wconf 85' lang='lat' dir='ltr'>spoliatus</span> <span class='ocrx_word' id='word_1_286' title='bbox 966 4298 1038 4367; x_wconf 84' lang='lat' dir='ltr'>fuit,</span> <span class='ocrx_word' id='word_1_287' title='bbox 1057 4312 1092 4356; x_wconf 77' lang='lat' dir='ltr'>eo</span> <span class='ocrx_word' id='word_1_288' title='bbox 1110 4295 1233 4354; x_wconf 77' lang='lat' dir='ltr'>invidiae</span> 
     </span>
    </p>
   </div>
   <div class='ocr_carea' id='block_1_9' title="bbox 0 0 1399 4868">
    <p class='ocr_par' dir='ltr' id='par_1_9' title="bbox 0 0 1399 4868">
     <span class='ocr_line' id='line_1_35' title="bbox 0 0 1399 4868; baseline 0 0"><span class='ocrx_word' id='word_1_289' title='bbox 0 0 1399 4868; x_wconf 95' lang='lat' dir='ltr'> </span> 
     </span>
    </p>
   </div>
  </div>
 </body>
</html>
