2782 4868
596 388 635 400 -—
663 355 720 416 1185
743 384 783 396 -·-

147 537 161 570 ι
182 513 357 589 proximum
376 511 468 580 esset,
488 522 518 566 re
539 508 577 566 ab
595 509 702 567 eodem
719 508 903 578 abhorrens,
921 506 1161 580 usumfructum3
1179 508 1232 567 sed

147 659 160 686 a
182 636 254 694 lruio
269 633 461 692 simillimum
477 644 542 688 esse
560 629 869 688 fideicommissum...
891 631 1020 699 Quaesivi
1036 635 1064 688 et
1079 615 1233 690 innostra

150 779 164 807 ι
182 757 248 826 lege
263 753 447 826 (communi)
465 752 617 825 numquid
633 765 703 810 oum
718 764 754 809 eo
774 752 907 810 conferri
930 755 1052 825 pusset3
1076 754 1234 825 repetique

148 897 161 928 ι
183 891 203 934 a
223 874 360 933 Periamo
380 875 473 932 istum
490 887 560 932 oum
576 869 766 945 oopplolders
782 872 792 944 (
796 872 824 946 1)
840 875 1052 946 comparatum
1067 879 1150 946 esse,
1167 875 1235 946 aple

150 1015 162 1046 ι
184 994 310 1067 quidem
325 993 429 1051 multis
445 994 481 1052 de
494 992 605 1052 causisff
620 1015 630 1044 a
645 993 864 1052 Gratulandum
875 992 999 1065 quidem
1015 996 1136 1052 Baoono
1152 996 1235 1066 quod

150 1114 286 1172 historia
304 1114 383 1186 juris
407 1115 525 1185 partem
549 1096 616 1171 esse
641 1128 711 1172 enm
738 1114 806 1171 aliis
831 1115 948 1184 legibus
973 1114 1237 1186 comparationem

151 1229 282 1288 voluerit
298 1248 304 1286 :
321 1230 354 1287 in
374 1244 450 1302 qua,
471 1234 505 1288 ut
525 1231 602 1288 milri
624 1230 755 1303 videtur,
778 1244 842 1288 non
864 1231 938 1288 satis
957 1231 1116 1288 immorari
1138 1232 1239 1289 solent

150 1345 326 1416 prudentae.
357 1347 411 1405 llio
439 1351 578 1405 Baoonns
606 1347 736 1406 libenter
767 1347 983 1408 animadvertit
1012 1352 1159 1422 quantum
1189 1350 1240 1421 jus

152 1468 258 1540 patrie
277 1481 339 1525 sua
360 1467 422 1539 juri
442 1472 579 1526 Romano
596 1468 695 1526 simile
711 1469 767 1540 sit,
785 1471 1008 1542 praetoremque
1022 1470 1239 1528 lideieommis·

152 1587 288 1657 sarium,
305 1587 342 1644 ab
358 1588 490 1658 augusto
505 1590 659 1657 creatum,
676 1601 747 1646 eum
762 1590 961 1661 cancellario,
978 1604 1042 1647 non
1058 1591 1124 1648 sine
1140 1591 1243 1662 aliqua

152 1707 310 1780 superbia,
327 1709 494 1782 componit.

190 1827 263 1881 Tum
280 1825 392 1891 statuta
406 1826 475 1897 ipsa
491 1827 562 1883 ante
577 1827 740 1883 ilenrioum
756 1828 817 1882 Vlll
834 1825 958 1885 condita
973 1824 1146 1886 enumerat
1158 1828 1241 1886 Post-

153 1957 248 2015 quam
272 1958 308 2003 ea
333 1945 450 2018 attigit,
477 1947 560 2005 hune
585 1948 617 2004 in
642 1948 771 2005 modum
797 1947 929 2019 primam
954 1950 1071 2018 partem
1097 1949 1241 2006 claudit:

158 2087 169 2113 ι
192 2065 271 2122 Talis
292 2068 338 2122 est
356 2068 541 2125 statutorum
563 2067 658 2139 ratio,
679 2070 750 2125 ante
770 2068 918 2125 statutum
941 2068 1072 2137 (Henriei
1093 2067 1181 2140 Villi,
1206 2067 1243 2124 ele

158 2206 171 2234 ι
192 2184 301 2240 ostias.
323 2184 367 2243 lta
386 2199 441 2244 vos
462 2186 552 2243 rioeui
579 2189 720 2245 naturam
743 2189 772 2244 et
792 2186 1003 2246 definitionem
1022 2203 1112 2259 nsua,
1134 2187 1242 2244 disari-

160 2324 172 2355 «
193 2304 279 2363 mina
297 2303 418 2362 fiduciae
439 2306 468 2362 ei
486 2319 572 2377 auus,
592 2307 693 2377 partes
713 2306 806 2379 hujus
828 2310 857 2365 et
871 2307 1064 2379 qualitatem3
1081 2321 1115 2363 ex
1133 2307 1243 2378 quihus

159 2447 172 2474 ι
194 2426 313 2483 normis
325 2427 477 2497 regendus
488 2427 527 2484 sit
539 2446 546 2483 ι
559 2427 634 2499 quid
645 2430 716 2486 anie
726 2442 797 2486 eum
812 2427 926 2487 iactum
942 2427 981 2484 sit
995 2428 1027 2484 in
1046 2428 1111 2497 lege
1127 2428 1245 2498 nostra,
1317 2505 1320 2509 ἡ

160 2542 1247 2619 mmmmmfflmmmmwmmwwwwmffiffi

162 2667 227 2724 «in
250 2668 315 2738 lege
338 2668 496 2726 communi
518 2668 611 2740 inque
634 2669 778 2726 statutis:
799 2668 884 2726 unde
902 2668 1029 2740 apparet
1050 2679 1142 2723 usum
1168 2664 1248 2722 nihil

161 2808 174 2837 o
195 2788 360 2847 aliudesse
376 2789 487 2860 praeter
501 2787 665 2861 fiduciam,
688 2788 713 2846 si
729 2788 798 2860 quis
814 2788 912 2857 magis
927 2786 1035 2844 aliena
1050 2784 1247 2842 eonscientiae

163 2929 175 2957 ι
197 2920 290 2979 quam
306 2920 361 2965 suo
374 2906 452 2980 juri,
468 2921 530 2965 suae
545 2908 736 2980 possessioni
752 2905 904 2977 confidat,
921 2903 1003 2977 quod
1019 2903 1156 2962 accidere
1172 2903 1249 2960 solet

162 3048 175 3076 o
196 3026 228 3083 in
243 3027 406 3085 hominum
422 3026 582 3101 societate,
599 3026 682 3099 qnod
698 3021 756 3084 fuit
772 3026 888 3098 eritque
905 3024 937 3081 in
954 3022 1099 3082 omnibns
1114 3023 1247 3094 iegibus,

162 3140 1249 3218 «mmmmmmmfflmmmmmmmmm

164 3284 177 3312 o
198 3263 473 3322 nernertusdioit...
487 3267 687 3346 Communem
698 3263 850 3320 rationem
861 3259 1249 3330 essecommunemlegem,

167 3407 178 3432 ι
199 3397 264 3441 non
280 3384 516 3456 eonscientiam3
534 3385 586 3441 sed
603 3381 778 3441 eommunis
796 3382 873 3439 ratio
894 3378 1022 3438 delinire
1042 3378 1132 3437 uenat
1151 3378 1251 3434 oribus

166 3505 369 3562 «remedium
392 3519 429 3563 ex
453 3504 643 3564 conscientia
668 3505 848 3575 venturum,
875 3515 939 3559 non
965 3514 1000 3557 er
1026 3498 1119 3557 euriis
1143 3497 1247 3566 lepis:

164 3642 179 3672 «
199 3624 373 3681 eommunis
394 3624 476 3681 enim
496 3625 544 3681 lex
562 3620 796 3696 'quodammodo
820 3618 996 3679 cancellarii
1018 3616 1134 3674 auriam
1157 3615 1249 3686 regit,

201 4065 230 4128 (1)
251 4062 420 4128 Blaeksione,
436 4065 454 4116 t.
469 4076 489 4116 rr
501 4102 506 4129 ,
520 4075 544 4116 o.
556 4071 604 4115 rx:
622 4061 766 4137 alliereis
778 4076 829 4117 oue
850 4061 955 4128 speeies
974 4059 1002 4112 ol
1018 4061 1117 4112 estates
1133 4060 1159 4110 at
1183 4056 1251 4118 will,

167 4172 180 4200 ι
202 4153 257 4206 tlrat
270 4155 398 4207 deserres
411 4167 426 4207 a
437 4167 512 4208 more
524 4152 669 4220 particular
682 4153 778 4219 regard
791 4153 856 4206 ilran
874 4165 927 4218 any
942 4151 1028 4216 other,
1044 4150 1098 4204 and
1112 4149 1169 4202 llrat
1184 4149 1208 4200 is
1219 4162 1253 4200 an

168 4261 180 4290 ι
201 4247 284 4298 estate
297 4243 360 4298 held
371 4244 408 4311 by
424 4258 493 4314 copy
505 4244 533 4299 oi
545 4248 622 4299 court
640 4244 705 4312 roll,
722 4259 751 4300 as
765 4259 806 4300 ue
825 4243 934 4310 usually
952 4243 1002 4298 eall
1024 4244 1060 4308 it,
1079 4239 1254 4308 acopy-irola

168 4354 181 4381 a
201 4340 294 4390 esitio.
319 4358 328 4383 t
