2782 4868
618 328 784 388 ...77-

153 473 324 544 gratulatus
345 474 494 545 estquod
514 474 579 546 pari
600 487 666 533 esse
684 475 753 548 jure
772 475 910 533 colonias
932 489 1095 538 suas‘cum
1113 493 1144 538 se
1164 480 1242 553 ipsa,

154 603 309 663 quamque
332 589 474 648 habuerit
494 591 668 664 reipublicae
693 591 899 680 gubernandae
924 593 1056 653 formam
1083 597 1166 669 apud
1193 611 1245 656 eas

153 708 293 768 obtinere
306 709 437 768 voluerit
454 710 506 783 (l).
528 685 606 769 Sane
620 710 672 769 ille
690 711 723 769 in
744 712 849 770 animo
866 712 974 771 hahuit
996 714 1140 773 Americae
1161 716 1242 775 colo·

154 829 236 902 nias,
247 843 325 902 qua,
338 831 383 888 tot
393 829 624 888 difficultatibus
634 844 736 889 rerum
748 831 884 891 civilium
899 831 931 890 in
948 833 1105 892 Britannia
1118 835 1243 909 coortis,

152 950 219 1020 ullo
243 949 310 1007 aine
328 949 547 1022 auxilioregni
572 950 720 1026 condita,
740 950 910 1011 libertatem
928 953 1093 1026 pristinam
1112 955 1243 1028 juraque
1316 935 1318 937 ¹

153 1065 357 1125 retinuemnt.
373 1065 477 1125 iacobi
498 1080 570 1126 vero
591 1069 748 1144 tempore,
771 1070 880 1142 proter
901 1071 1077 1131 Hiberniam
1101 1085 1169 1145 qua
1190 1072 1241 1132 vix

153 1187 279 1246 colonia
297 1187 400 1248 vocari
421 1190 543 1264 potest,
566 1189 675 1262 cuique
687 1191 760 1275 jura
777 1191 918 1263 quadam
936 1207 972 1251 ex
991 1192 1096 1252 charta
1114 1191 1243 1250 loannis

153 1305 234 1376 regis
254 1307 482 1392 competebant,
503 1307 590 1366 nulla
610 1308 669 1366 fuit
690 1323 758 1381 quae
779 1323 882 1369 rerum
897 1323 1024 1370 suarum
1042 1310 1237 1370 administra·

154 1426 235 1487 tioni
257 1401 375 1499 partem
390 1426 526 1487 haberet.
549 1406 705 1501 Baconm,
721 1430 862 1502 quamvis
876 1443 931 1503 per
944 1430 1128 1488 mercatores
1148 1429 1243 1488 libere

152 1547 248 1605 condi
258 1521 413 1606 coloniam
427 1547 516 1606 malit
525 1561 618 1620 quam
629 1562 684 1621 per
697 1562 798 1619 regem
808 1549 915 1623 creari,
934 1570 945 1599 r
962 1548 1097 1621 regimen
1113 1548 1242 1608 colonia

153 1673 165 1704 l
188 1665 339 1725 committi
358 1666 429 1740 uni,
450 1666 500 1725 cui
522 1668 626 1724 tamem
652 1666 809 1725 assideant
829 1667 999 1726 consiliarii
1014 1668 1132 1740 aliquot
1150 1669 1242 1740 atque

153 1798 241 1860 «eos
268 1783 383 1844 muniri
397 1780 399 1785 '
412 1785 611 1858 auctoritate,
640 1785 680 1843 ad
708 1785 882 1858 exemplum
904 1785 982 1858 juris
1007 1785 1160 1858 militaris,
1186 1786 1239 1844 sed

153 1926 166 1958 a
187 1905 381 1991 aliquantum
396 1903 536 1963 restricta
551 1880 564 1955 r
585 1904 686 1978 poscit
697 1904 750 1978 (a).

171 2024 245 2109 llla
265 2025 305 2084 ad
327 2023 486 2097 publicum
510 2024 561 2096 jus
583 2042 590 2080 :
614 2023 716 2096 quoad
735 2024 904 2101 privatum,
926 2025 1006 2083 inter
1023 2024 1151 2084 colonos
1165 2023 1241 2094 legis

151 2145 327 2204 communis
340 2145 471 2216 anglicae
486 2144 549 2204 'vim
564 2158 630 2203 esse
649 2145 789 2220 vult(3),
813 2148 893 2205 recte
908 2125 1051 2220 quidem:
1070 2160 1135 2205 non
1155 2146 1239 2204 enim

150 2269 234 2328 cives
250 2279 317 2325 esse
339 2265 485 2326 desinunt
502 2265 555 2337 qui
575 2278 611 2322 ex
629 2265 726 2323 muris
751 2266 856 2338 patria
876 2266 1093 2338 egrediuntur,
1108 2268 1142 2324 ut
1156 2265 1240 2325 illius

150 2398 268 2444 nomen
290 2385 372 2443 ultra
394 2384 493 2444 maria
512 2387 702 2458 propagent,
728 2385 912 2444 commercio
939 2385 1053 2458 pariter
1075 2385 1239 2458 gloriaque

149 2503 234 2563 illius
249 2503 396 2562 faventes.
941 2512 942 2515 ’

187 2902 218 2980 tl)
238 2900 435 2968 Montesquieu,
449 2900 544 2970 Esprc't
555 2899 599 2954 des
610 2900 712 2967 total.
727 2915 796 2966 xxx,
809 2914 845 2966 c.,
858 2903 899 2953 ti.
1117 2973 1119 2976 y

188 2992 218 3055 (t)
237 2991 378 3046 Sermones
392 2992 501 3059 fideles,
514 3007 621 3059 xxxm,
642 2995 675 3049 de
693 2992 901 3047 Plantationibus
917 2990 1077 3058 populorum
1096 2992 1174 3056 atque
1190 2999 1224 3042 co

147 3082 243 3151 lenita
787 3071 788 3074 ’
991 3071 993 3073 ’

186 3176 215 3236 tt)
233 3175 320 3229 letter
330 3179 356 3230 to
367 3177 405 3229 sir
417 3178 443 3228 G.
459 3176 573 3230 villiers.
