2782 4868
595 403 785 463 -tla-

525 681 644 768 oliui
685 683 860 768 llllllh.

575 948 619 999 De
641 943 809 1002 Advocato.

183 1176 883 1256 6616661666666666116,1666666116666666
894 1190 1057 1262 repertum,
1069 1190 1237 1251 scribemus

147 1303 212 1360 fere
219 1301 307 1360 unice
317 1300 357 1359 ad
365 1302 611 1375 componendam
619 1304 789 1362 orationem
799 1305 946 1381 pertinet,
959 1321 1017 1366 nec
1026 1314 1177 1385 precepta
1186 1313 1238 1371 ille

150 1420 246 1494 dedit,
260 1420 314 1479 sed
328 1422 467 1493 exempla
482 1423 612 1481 tantum.
628 1423 681 1480 vix
696 1436 794 1496 pauca
804 1425 936 1497 reperire
950 1428 996 1484 est
1010 1425 1048 1485 de
1059 1429 1168 1487 studiis
1183 1429 1236 1487 ad-

148 1539 266 1614 vocati,
283 1553 350 1613 qua
365 1541 452 1613 quasi
469 1541 501 1599 in
518 1554 626 1599 omnes
641 1541 748 1600 causas
762 1543 872 1602 viatica
884 1544 935 1602 ille
946 1558 1066 1604 sumere
1081 1546 1185 1621 dehet,
1202 1549 1239 1606 de

151 1657 291 1732 auxiliis,
307 1659 417 1731 mulius
427 1659 461 1718 in
475 1672 628 1731 quamque
638 1672 702 1718 rem
715 1661 760 1718 uti
774 1662 883 1732 potest.
895 1664 961 1720 Non
970 1662 1055 1721 enim
1064 1663 1123 1722 hoc
1138 1663 1170 1721 in
1188 1678 1238 1723 ca·

149 1776 228 1850 pite,
242 1777 345 1850 potius
359 1791 451 1850 quam
471 1778 505 1835 in
520 1779 690 1851 superiore,
706 1781 735 1837 et
758 1780 913 1851 quomodo
934 1781 1117 1840 discendum
1137 1784 1178 1840 sit
1189 1784 1240 1857 jns

152 1898 318 1972 explanare
331 1901 451 1973 tempus
474 1900 503 1956 et
517 1911 594 1970 quos
617 1898 714 1957 llhros
727 1898 889 1957 auxiliares
904 1899 937 1957 in
952 1900 1031 1959 libro
1046 1901 1082 1957 cle
1100 1902 1241 1958 Fontibus

143 1984 232 2096 joaz
244 2020 342 2093 attigit
356 2021 470 2093 noster,
487 2032 593 2078 eorum
608 2019 797 2077 mentionem
811 2019 927 2078 facere:
944 2020 1065 2080 nullum
1077 2025 1131 2080 aut
1144 2022 1238 2096 incly-

154 2140 221 2196 tum
233 2136 415 2196 advocatum
431 2137 484 2194 aut
497 2135 613 2194 honum
626 2135 763 2208 judicem
777 2148 869 2208 posse
883 2148 948 2194 esse
959 2141 1093 2212 constat,
1114 2139 1175 2196 nisi
1189 2139 1241 2212 qui

151 2255 203 2328 jus
217 2256 336 2328 teneat,
352 2267 416 2313 non
431 2252 531 2312 autem
546 2253 685 2313 advocati
699 2252 849 2325 judicisve
868 2254 1027 2327 proprium
1043 2256 1088 2314 est
1102 2269 1137 2314 ac
1151 2270 1241 2328 pecu-

153 2374 230 2434 liare
242 2373 294 2447 jus
306 2375 417 2432 tenere.

191 2495 214 2551 l.
230 2505 271 2552 on
283 2505 434 2552 hnvoclrr
447 2504 575 2552 srnnns.
592 2522 623 2531 -
640 2493 710 2549 lere
725 2488 820 2562 nihil,
834 2493 869 2548 ut
883 2489 1029 2564 diximus,
1049 2490 1088 2548 de
1102 2490 1243 2550 advocati

153 2612 265 2670 studiis
284 2611 406 2684 scripsit
423 2616 579 2684 Bacchus,
604 2611 665 2669 nisi
685 2610 725 2669 ad
745 2611 797 2683 jus
818 2610 968 2669 attendas.
990 2612 1146 2686 Attamen,
1166 2613 1246 2672 sicut

156 2733 361 2804 Quintilianus
371 2734 424 2808 (t),
436 2734 580 2807 prodesse
591 2737 748 2792 oratorum
758 2732 1074 2805 philosophorumque
1082 2732 1246 2791 lectionem

156 2859 328 2929 asseverat,
352 2867 426 2913 nam
443 2878 454 2904 ι
472 2855 630 2913 dialectica
652 2854 683 2912 et
706 2852 858 2910 rhetorica
879 2863 1050 2924 pugnacem
1070 2850 1203 2908 reddunt
1216 2855 1246 2909 ct

159 2994 173 3029 ι
192 2975 232 3034 ad
240 2975 453 3034 contentiones
464 2974 596 3032 alacrem
606 2971 660 3047 (i).
672 2995 684 3023 o
701 2972 898 3043 singulariter
908 2971 1097 3030 scholasticis
1111 2971 1173 3029 illis
1183 2971 1244 3029 dis·

156 3091 366 3164 putationibus
381 3091 472 3165 favet,
482 3092 581 3164 unde,
597 3103 693 3163 quum
705 3089 764 3148 fori
778 3089 944 3160 imaginem
958 3087 1131 3161 praeheant,
1149 3089 1247 3160 parati

158 3214 189 3272 et
202 3212 330 3271 accincti
350 3211 390 3270 ad
409 3213 546 3270 forenses
563 3183 788 3284 disputationes
800 3223 832 3267 se
846 3209 1009 3268 conferunt
1020 3207 1166 3279 juvenes:
1183 3206 1246 3264 imo

155 3333 331 3406 iunioribus
345 3334 478 3393 ecclesia
492 3334 643 3393 ministris
657 3333 770 3391 similia
783 3343 849 3389 esse
863 3329 994 3389 concilia
1003 3328 1106 3402 cupit,
1121 3328 1175 3387 uhi
1187 3329 1247 3386 nisi

161 3456 390 3528 disputarent,
406 3460 485 3516 certe
507 3457 653 3516 disserere
678 3455 798 3514 discant
816 3452 877 3527 (3),
892 3451 971 3511 nihil
986 3450 1069 3511 enim
1083 3450 1188 3508 utilius
1204 3452 1249 3506 est

196 3815 229 3879 (1)
248 3813 306 3866 Lib.
323 3827 428 3881 11‚cap.
443 3817 470 3866 5,

195 3911 228 3974 ti)
245 3911 332 3963 serm.
348 3909 397 3962 tid.
412 3921 513 3962 xnrrn.
525 3909 563 3962 lte
577 3909 675 3962 studiis
687 3911 715 3962 et
725 3907 843 3961 lectione
855 3906 1000 3960 librorum.

194 4002 228 4064 (3)
249 4001 353 4054 certain
367 4000 582 4054 consideratione
593 3999 723 4064 touching
734 3998 780 4052 the
791 3999 879 4051 better
897 3996 1062 4051 Pacification
1074 3995 1128 4048 and
1140 3995 1250 4048 11111166-

161 4090 219 4145 tion
233 4089 262 4143 ot
272 4089 319 4144 the
332 4089 434 4143 church
450 4088 479 4143 61
488 4089 609 4155 England
623 4104 629 4142 :
645 4109 656 4136 a
670 4091 716 4142 We
726 4101 774 4141 see
787 4088 833 4141 the
845 4091 949 4140 oratore
959 4086 1028 4140 hare
1037 4084 1108 4138 their
1119 4083 1251 4138 declama·

165 4201 175 4227 e
196 4182 286 4245 tions,
306 4181 422 4247 lawyers
439 4180 508 4234 hare
527 4180 598 4233 their
613 4183 715 4246 moots,
727 4180 859 4245 logicians
869 4178 943 4231 their
955 4176 1092 4244 sophisma
1102 4175 1154 4228 and
1169 4188 1252 4238 ererp

166 4294 176 4319 ι
196 4273 312 4338 practice
321 4274 462 4326 oiscience
471 4255 535 4325 heth
545 4286 580 4326 en
591 4273 713 4326 exercise
724 4271 809 4325 oiand
822 4269 957 4327 erudition
968 4281 1001 4324 an
1014 4266 1147 4320 initiation
1158 4264 1252 4319 before

167 4384 177 4410 ι
197 4377 259 4418 man
270 4375 346 4418 come
363 4367 389 4416 to
403 4362 448 4415 the
461 4361 519 4416 lite.
539 4383 549 4408 n
