2782 4868
609 169 778 232 ..8⁴-

149 325 281 384 mauime
295 324 437 384 conscius
448 324 477 381 et
488 322 572 394 pacis
583 320 789 381 amicissimus
805 319 892 393 (tlt
907 320 1009 395 prima
1020 318 1245 397 provocatione

147 446 332 518 torpendum
355 445 446 516 negat
470 443 595 515 noster3
629 442 661 499 id
687 441 864 501 bellicosam
893 442 1014 512 gentem
1038 442 1150 517 decet,
1178 459 1244 505 non

149 579 279 639 tequam,
296 563 551 636 Distinguendum
575 563 658 622 enim
683 562 783 636 quatis
801 562 841 620 sit
854 575 968 637 causa,
987 564 1094 623 utrum
1108 565 1145 623 tn
1162 566 1243 639 peri·

148 681 253 740 culum
263 680 435 739 adducatur
449 678 632 752 respublica,
648 691 690 737 an
708 679 828 737 tantum
842 691 899 751 pro
913 678 1037 752 injuriis
1044 680 1143 740 illatis
1155 682 1244 741 satis·

148 799 240 859 tactio
260 799 408 871 exigenda
423 800 480 873 sit,
502 813 564 873 qua
584 813 656 858 cum
677 801 766 870 gente
788 812 836 857 res
858 800 990 871 geratur.
1010 802 1079 860 lton
1101 802 1144 861 ad
1158 815 1245 862 arma

147 917 220 974 ante
234 915 421 975 veniendum
432 929 524 988 quam
535 930 600 975 non
615 915 703 974 aliter
717 913 859 973 satisfieri
869 929 961 988 posse
975 918 1135 989 appareat.

184 1038 269 1095 Justa
279 1050 400 1110 quoque
415 1039 461 1095 est
477 1036 649 1095 oausaladi
663 1036 778 1095 famam
792 1036 891 1107 gentis
901 1035 1041 1110 alicujus.
1052 1036 1177 1096 Scilicet
1189 1050 1243 1097 uu·

149 1154 303 1229 tionibus,
319 1169 384 1214 non
404 1155 507 1214 minus
525 1169 618 1228 quam
636 1156 777 1230 privatis,
797 1155 881 1216 tama
894 1169 975 1215 curm
992 1169 1060 1215 esse
1074 1156 1169 1216 debet
1181 1156 1244 1233 (2),

150 1275 213 1332 imo
228 1274 397 1347 plurimum
413 1273 521 1332 salutis
535 1273 661 1331 interest
683 1287 723 1332 an
742 1274 838 1332 illesa
855 1277 885 1332 et
905 1273 1020 1333 intacta
1032 1277 1162 1334 maneat
1179 1276 1244 1336 illa.

149 1393 331 1452 Hominibus
346 1393 449 1466 enim,
466 1393 492 1451 si
507 1392 586 1452 iorte
601 1393 750 1464 dignitate
770 1406 827 1452 sua
841 1395 1002 1466 exuantur,
1014 1392 1067 1466 jus
1077 1395 1185 1453 mmeu
1202 1396 1244 1455 le·

148 1525 261 1586 gesquc
275 1514 418 1586 praesidio
434 1527 500 1573 esse
511 1517 653 1587 possunt,
669 1513 811 1572 nationes
826 1527 922 1587 quum
935 1513 1062 1587 viribus,
1080 1516 1148 1573 tum
1161 1514 1245 1575 tama

149 1633 292 1692 videntur
312 1635 403 1693 stare.
426 1636 501 1692 sunt
521 1615 605 1706 qua,
621 1632 736 1691 amisso
758 1632 882 1706 decore,
908 1630 994 1691 nullo
1015 1632 1111 1692 modo
1131 1634 1244 1694 durare

149 1756 287 1827 queant:
309 1776 320 1805 u
343 1757 478 1824 Quorum
499 1753 605 1812 divise
624 1753 704 1811 inter
726 1767 758 1811 se
778 1755 851 1811 sunt
868 1754 969 1825 partes
988 1756 1019 1811 et
1032 1752 1088 1812 uhi
1101 1726 1246 1826 paucies

152 1897 164 1925 «
185 1875 319 1948 quadam
332 1876 421 1946 gente
437 1874 510 1947 orti,
527 1873 625 1933 multo
644 1873 756 1946 majori
770 1887 900 1933 numero
922 1873 1086 1948 imperant.
1104 1876 1245 1935 sentiant

151 2016 164 2046 a
186 1993 269 2052 enim
280 1994 386 2068 india,
402 1993 531 2068 Belgica,
542 1992 694 2065 Neapolis,
706 1993 910 2052 ltediolanum
920 1997 951 2052 et
964 1993 1066 2057 Sicilia
1078 1994 1243 2069 llispanos,

152 2138 164 2167 a
185 2128 317 2189 quorum
334 2115 529 2189 tyrannidem
544 2113 662 2172 tamdiu
677 2114 830 2188 tulerunt,
845 2116 917 2187 post
931 2114 1029 2175 multa
1041 2115 1245 2177 incommoda

152 2258 164 2287 α
185 2236 368 2309 cladesque,
392 2236 524 2307 gaudere
544 2234 627 2308 quod
648 2248 719 2294 cum
735 2234 839 2305 englis
858 2248 976 2307 aequam
990 2248 1098 2307 pacem
1111 2235 1244 2310 feriant,

153 2376 166 2404 ι
185 2353 284 2412 scient
298 2366 350 2411 eos
365 2352 509 2411 homines
524 2366 588 2411 non
604 2365 705 2409 essee
724 2351 831 2410 ceteris
847 2351 1013 2413 dissimiles
1027 2354 1058 2413 et
1070 2366 1167 2426 quam
1183 2354 1244 2415 vlle

152 2495 163 2524 o
185 2473 224 2532 sit
237 2476 409 2531 servitutem
428 2488 514 2529 suom
533 2471 665 2546 qcottdto
685 2488 798 2546 emero,
819 2472 951 2546 quotidie
959 2488 1093 2545 pascere.
1108 2474 1200 2543 Quod
1215 2475 1243 2532 si

152 2617 164 2646 «ι
185 2595 318 2669 Hispana
334 2607 408 2666 gens
423 2607 581 2653 armorum
600 2595 731 2666 tamam,
742 2593 1025 2667 magnitudinisque
1042 2607 1106 2653 sum
1120 2607 1242 2655 nomen

151 2734 163 2763 «ι
184 2713 317 2787 amittat,
339 2713 426 2771 nullo
447 2712 541 2771 modo
557 2725 575 2771 a
589 2712 766 2772 rebellando
787 2711 930 2772 deterreri
943 2710 1064 2783 possint
1081 2710 1150 2784 ejus
1166 2711 1241 2771 suls

150 2854 162 2884 a
181 2834 253 2909 jessfi
271 2837 322 2907 (3).
337 2857 349 2886 o

184 2959 355 3029 superero
371 2958 472 3016 evenit
491 2959 612 3027 gentem
627 2957 769 3014 nondum
784 2954 872 3029 laedi,
888 2955 942 3013 sed
954 2954 1019 3029 jam
1034 2953 1242 3013 vehementis-

148 3076 225 3134 sime
242 3077 347 3136 timere
357 3071 397 3137 ne
412 3078 559 3137 laedatur:
580 3101 591 3129 α
606 3082 709 3136 tustus
725 3078 827 3136 autem
843 3078 954 3150 metus,
970 3078 1041 3135 ante
1053 3087 1149 3147 quam
1163 3073 1245 3135 dnos

153 3218 165 3244 ‹
186 3197 350 3268 quisquam
360 3198 507 3258 invaserit
517 3199 569 3256 aut
584 3196 729 3269 injuriam
742 3194 895 3270 intulerit,
906 3193 1075 3267 probabilis
1089 3195 1136 3252 est
1149 3205 1247 3253 causa

136 3333 163 3369 z«
186 3313 374 3372 detensionis
384 3314 534 3387 bellique;
547 3319 641 3387 utque
652 3313 817 3386 prudentes
830 3313 944 3386 optime
957 3311 1085 3385 privatis
1094 3310 1128 3369 iu·
1139 3311 1245 3370 causis

150 3455 162 3485 o
183 3434 353 3506 legitimum
367 3437 483 3493 metum
495 3433 646 3492 definiunt
657 3437 771 3505 jocatum
784 3439 893 3489 mettere.
909 3433 962 3504 qai
971 3430 1093 3488 coditio
1108 3435 1245 3489 matoe-

182 3861 212 3923 (tl
230 3866 349 3913 easdam
363 3868 457 3929 Δῶρον,
468 3860 518 3913 Sda
532 3874 604 3927 pars.
625 3861 727 3914 lbidem
738 3865 830 3916 natum
841 3861 1054 3916 suumhortatur
1066 3873 1102 3915 ne
1119 3873 1243 3928 unquam

144 3947 216 4001 bella
223 3949 324 4014 injusta
335 3950 473 4016 suscipiat,
485 3962 573 4017 neque
580 3951 751 4005 divinationis
758 3953 911 4018 respectum
917 3951 1014 4006 habeat
1022 3950 1055 4007 ad
1063 3963 1095 4006 ea
1106 3948 1238 4015 gerenda.

182 4041 212 4103 tat
233 4039 319 4103 Plato,
332 4039 365 4093 de
375 4040 435 4106 leg,
450 4054 500 4094 xu.

182 4136 211 4195 ttt
231 4134 268 4187 ln
280 4133 395 4201 apology
410 4133 438 4187 ot
450 4134 493 4187 tlte
507 4134 562 4187 earl
573 4134 602 4187 oi
613 4135 703 4188 lissex.
