2782 4868
605 358 773 418 ..01-

84 573 87 576 ⁴
157 529 168 555 ιι
193 510 256 564 tum
270 504 323 578 (1).
346 526 357 555 ι)
381 506 448 563 Non
468 504 554 564 aliter
575 506 769 566 AriStOteleS:
787 518 835 566 Tot
850 514 994 576 δεσποτικῶς
1006 519 1083 584 ἄρχειν
1097 485 1258 580 ἡτῶνὶλιυ·Ι

153 632 225 694 otpolt
234 629 295 697 ἀρχὴ
308 632 406 681 καλλίων
416 635 454 680 καὶ
466 633 555 694 μᾶλλον
566 626 629 694 μετ’
646 631 732 698 ἀρετῆς
756 630 798 696 (l).

174 743 425 802 -Parliamontine
443 744 523 803 esset
541 742 673 815 puhlicis
693 744 824 816 nogotiis
843 745 1027 819 immisceri,
1044 746 1081 805 do
1095 746 1176 813 hello
1192 749 1241 808 vel

77 911 80 916 .
153 865 192 924 cle
205 878 281 938 pace
295 865 470 937 decernere,
487 865 600 924 tributa
613 865 760 939 indicere,
777 865 929 926 dubitavit
943 870 1096 940 Baconus,
1113 881 1170 926 nec
1187 855 1255 926 illo⁴

152 986 291 1058 temporo
305 985 379 1044 satis
393 985 530 1044 constitit
546 1005 553 1044 ι
570 987 674 1046 nullas
688 986 770 1058 leges
785 967 870 1061 fieri,
886 988 948 1047 nisi
968 1001 1023 1062 per
1037 989 1130 1062 illud,
1144 988 1241 1048 voluit

151 1106 279 1162 noster,
294 1105 465 1164 absurdum
488 1106 571 1165 eninr
597 1120 662 1165 esso
687 1108 873 1182 proclamat,
895 1109 921 1166 si
942 1108 1012 1181 quis
1032 1111 1154 1167 censeat
1176 1109 1239 1179 regi

152 1221 393 1294 permittendum
414 1235 480 1282 esse
499 1224 581 1295 logos
605 1229 742 1298 mutare,
758 1225 859 1299 quod,
874 1225 970 1285 natali
986 1227 1068 1300 jure,
1089 1225 1237 1298 subjecto-

152 1355 222 1399 rum
237 1341 277 1399 sit
291 1342 376 1400 omni
390 1341 424 1399 in
439 1343 525 1415 parte
538 1343 652 1413 Angliae
665 1343 718 1416 (3).
730 1347 800 1414 Qua
815 1345 848 1402 in
864 1340 1067 1404 parliamento
1082 1344 1240 1404 tractanda

152 1461 217 1522 sint
231 1462 408 1520 enumerat:
422 1475 469 1520 res
486 1463 635 1536 ecclesie,
651 1463 775 1536 publica
788 1464 926 1538 negotia,
944 1465 1039 1538 leges,
1055 1466 1107 1526 aut
1121 1462 1237 1536 subjec-

152 1580 256 1638 torum
267 1581 396 1652 querelae
408 1580 461 1656 (l).
472 1583 531 1638 Nec
541 1580 635 1639 modo
646 1581 683 1640 de
693 1582 903 1660 rogationibus
913 1584 992 1654 regis
1005 1597 1024 1642 a
1037 1583 1238 1643 parlamento

152 1699 246 1757 statui
267 1699 383 1773 poscit,
406 1701 460 1758 sod
479 1699 557 1759 illuri
575 1700 713 1771 agnoscit
733 1703 843 1772 sponte
862 1715 918 1760 sua
936 1702 1102 1761 deliberare
1123 1714 1237 1774 posse:

154 1840 167 1868 ιι
188 1822 369 1893 Quanquam
382 1820 495 1880 usitata
510 1833 559 1879 res
573 1821 619 1878 est
634 1821 667 1878 in
681 1821 883 1881 parliamento
899 1837 980 1882 nova
999 1822 1133 1881 remedia
1149 1821 1238 1880 novis

153 1958 166 1990 ιι
187 1939 278 1998 malis
298 1940 411 2013 queri,
433 1940 467 1997 in
485 1939 535 1999 his
554 1942 670 1999 tamen.
682 1982 706 1995 ..
733 1941 811 2000 satis
825 1945 899 2000 sunt
912 1941 1003 2000 nohis
1017 1940 1125 2014 prisca
1138 1941 1236 2013 leges,

154 2076 166 2105 ιι
186 2068 264 2128 quas
283 2055 377 2115 modo
397 2057 538 2128 cupimus
559 2056 735 2117 confirmari
759 2059 789 2117 et
813 2059 992 2118 sanciri...
1018 2058 1060 2132 (5)
1084 2082 1095 2112 ι
1120 2058 1238 2128 Questis

150 2175 371 2234 mercatoribus
394 2177 431 2236 cle
445 2177 650 2249 Hispanorum
664 2178 786 2252 injuriis
803 2179 885 2253 apud
903 2179 1157 2252 parliamentum,
1173 2190 1237 2236 ma·

151 2297 260 2357 teriam
270 2309 336 2355 esse
344 2296 417 2355 belli
427 2298 571 2369 pacisque
582 2297 716 2356 declarat
726 2301 875 2371 Baconus,
887 2311 954 2370 quae
965 2297 1028 2368 regi
1038 2295 1238 2368 relinquenda

150 2419 206 2493 sit,
217 2419 277 2478 hoc
292 2423 393 2478 autem
407 2419 501 2478 modo
518 2418 557 2477 ad
570 2419 810 2477 parliamentum
824 2418 990 2493 pertinere,
1000 2418 1026 2475 si
1041 2416 1109 2491 quis
1125 2427 1238 2505 nepam

150 2538 249 2611 legem
266 2541 404 2612 reposcat
419 2539 473 2613 (6).
493 2542 559 2598 lmo
577 2539 648 2598 licet
667 2539 872 2599 parliamento
888 2539 1004 2610 delego
1021 2540 1127 2597 eontra
1142 2531 1238 2611 euop-

184 2943 220 3010 (l)
236 2943 273 2998 lle
286 2944 352 3009 lug.
371 2957 409 2997 sc.
423 2945 470 2998 lib.
488 2959 515 3009 1,
529 2947 557 2998 in
569 2947 629 2998 lin,

186 3037 216 3100 (2)
230 3034 284 3088 Pol.
296 3048 352 3101 vn,
368 3037 409 3088 ll.

186 3127 216 3190 (3)
236 3143 247 3173 ι
266 3125 358 3179 Which
376 3127 400 3179 is
413 3125 459 3181 the
476 3127 595 3192 subjecte
612 3126 759 3193 hirthright
770 3129 798 3180 in
810 3140 863 3194 any
876 3130 935 3195 part
947 3126 976 3180 oi
987 3126 1032 3180 the
1043 3125 1127 3179 realnr
1142 3125 1171 3179 of
1185 3125 1236 3178 ln·
1308 3122 1311 3124 ’

151 3237 163 3263 «ι
183 3214 273 3282 gland.
288 3236 299 3264 »ι
314 3216 367 3270 The
377 3217 550 3282 jurisdiction
562 3217 590 3272 oi
600 3218 645 3271 the
657 3217 793 3271 marcnes.
809 3247 842 3254 —
854 3216 890 3270 cr.
905 3217 1234 3280 Fortescue,cap.xv111:
1347 3278 1350 3282 ,

151 3328 164 3355 ι
184 3308 242 3360 lion
259 3312 384 3361 emanant
399 3308 446 3376 illa
462 3309 569 3373 (statuta
586 3309 739 3376 inglorun)
753 3322 769 3362 a
782 3308 913 3376 principis
930 3307 1019 3362 solum
1037 3307 1188 3372 voluntate,
1206 3310 1237 3359 ut

150 3416 163 3443 ι
184 3397 267 3462 leges
277 3397 307 3450 in
317 3399 415 3464 aegris
425 3412 486 3466 quae
496 3403 599 3453 tantum
614 3399 740 3465 regaliter
750 3399 944 3465 gubernantur,
960 3398 1019 3451 nbi.
1030 3438 1052 3450 ..
1070 3397 1185 3451 sednon
1196 3397 1236 3450 sic

150 3509 162 3534 ι
182 3487 283 3553 ingliae
300 3491 398 3542 statuta
411 3491 478 3544 oriri
495 3495 621 3558 possunt,
638 3491 703 3544 dum
718 3491 818 3544 nedum
836 3491 967 3556 Principis
985 3488 1135 3564 voluntate,
1149 3487 1237 3542 sedet

150 3598 162 3625 ιι
183 3578 265 3632 totius
279 3579 362 3644 {logni
379 3593 493 3635 assensu
507 3583 566 3648 ipsa
579 3582 744 3646 conduntur,
756 3595 809 3650 quc
822 3581 916 3649 populi
927 3581 1053 3634 lesuram
1066 3579 1113 3632 illa
1130 3579 1236 3633 eiicere

150 3688 162 3715 ιι
181 3673 332 3737 nequeunt,
352 3670 396 3724 vel
410 3684 466 3724 non
483 3684 578 3726 eorum
597 3673 768 3726 commodum
787 3684 942 3739 procurare.
961 3690 972 3716 ιι
989 3670 1132 3722 Trecentos
1145 3668 1233 3731 viros,

147 3771 203 3812 non
214 3760 292 3815 aliter
303 3763 382 3828 atque
392 3762 421 3814 in
434 3765 529 3816 senatu
540 3762 670 3826 Romano,
681 3762 829 3816 deliberare
838 3763 918 3828 jactat
930 3775 944 3813 a
954 3760 1052 3826 quibus
1067 3759 1112 3811 lex
1122 3758 1232 3820 feratur,

148 3850 258 3915 eadem,
270 3850 294 3904 si
308 3865 390 3919 prava
405 3853 453 3916 sit,
469 3852 623 3918 abrogetur.

185 3943 218 4006 tl)
237 3941 284 3994 llis
297 3943 451 4009 lordship’s
467 3943 567 4009 speech
578 3945 605 3997 in
618 3945 664 3998 tlre
681 3945 856 4006 Parliament,
874 3946 900 3996 to
914 3943 958 3997 the
971 3940 1107 4007 speaker's
1118 3952 1228 3994 excuse.

168 4072 172 4077 .
184 4031 213 4094 (5)
227 4032 357 4098 ispeeclr
368 4033 445 4086 made
455 4033 491 4100 by
506 4034 545 4085 sir
557 4034 583 4086 l.
597 4034 696 4098 Bacca,
710 4035 820 4100 knight,
834 4034 936 4087 chosen
947 4032 984 4099 by
998 4031 1042 4084 tlre
1055 4043 1192 4085 commons
1206 4034 1232 4083 to

149 4127 257 4187 present
270 4136 284 4175 a
297 4123 409 4189 petition
422 4124 551 4190 touching
567 4126 613 4179 the
626 4139 788 4192 purveyors.

184 4211 213 4272 (6)
231 4211 248 4263 l
264 4214 354 4277 repert
371 4213 448 4266 made
464 4213 500 4280 hy
519 4214 557 4267 sir
576 4216 600 4267 l.
621 4216 722 4278 Bacon,
743 4215 770 4267 in
789 4215 834 4268 the
849 4215 935 4267 house
948 4213 977 4266 ol
990 4225 1143 4276 commone,
1162 4215 1229 4273 etc,
1261 4229 1264 4234 ·

151 4303 316 4369 concorning
327 4305 369 4356 tlro
380 4306 492 4372 petilian
504 4306 531 4360 ol
543 4307 585 4362 tlro
597 4308 750 4362 merchanls
766 4318 836 4373 upon
852 4306 895 4360 lhe
907 4305 1017 4370 Sparrislr
1030 4305 1196 4369 grieranees.
