2782 4868
604 265 772 325 ..78-

509 547 626 634 utut
668 547 859 643 tillidi.
946 594 950 601 ·

543 837 586 887 De
599 835 668 902 jure
683 834 829 903 peritiam.

179 1107 232 1163 lus
249 1103 409 1174 gentium,
430 1104 569 1160 Romana
588 1113 669 1172 vox,
692 1099 725 1156 in
740 1093 943 1154 recentiorem
957 1103 1085 1151 sensum
1101 1094 1240 1165 accepta,

143 1229 190 1284 est
207 1226 258 1299 ius
275 1237 337 1298 quo
360 1235 469 1281 omnes
492 1221 573 1280 inter
586 1234 618 1278 se
633 1218 833 1279 continentur
852 1213 1007 1286 nationes,
1021 1226 1088 1272 nnn
1105 1213 1240 1283 tantum,

146 1348 180 1403 ut
191 1344 274 1418 apud
294 1347 461 1413 Romanos,
482 1340 594 1414 privati
614 1353 649 1397 ex
665 1338 845 1398 nationibus
862 1335 992 1395 diversis
1010 1334 1080 1393 orti.
1104 1333 1183 1392 lluic
1208 1333 1241 1390 in

146 1460 226 1519 libro
248 1461 355 1519 nostro
370 1471 444 1517 suns
454 1458 541 1517 locus
555 1471 621 1516 esse
636 1454 734 1515 debet.
749 1457 850 1527 Neque
861 1452 889 1511 ei
906 1454 953 1509 est
968 1449 1077 1509 eadem
1091 1450 1151 1522 vis,
1173 1462 1242 1522 oua

144 1581 207 1652 juri
235 1579 336 1651 civili3
368 1591 432 1638 non
459 1590 478 1636 a
501 1578 658 1650 superiore
687 1574 821 1649 quadam
846 1572 994 1644 potestate
1022 1567 1243 1642 proficiscitur,

147 1700 265 1770 legibus
287 1698 476 1772 includitur,
503 1698 605 1771 poenis
630 1695 777 1755 sancitur,
809 1694 880 1751 Fere
905 1693 1002 1751 totum
1031 1688 1067 1746 in
1097 1689 1243 1762 aeqmtate

149 1819 284 1892 positum
299 1821 365 1890 est3
383 1832 439 1876 nec
450 1818 570 1890 pridem
580 1817 613 1873 in
629 1829 735 1887 regum
748 1813 898 1886 consiliio,
909 1813 1057 1884 tanquam
1068 1810 1101 1868 in
1111 1812 1245 1882 Europa

150 1936 245 1994 totius
278 1935 494 2009 parliamento,
521 1933 628 2005 agitari
657 1933 758 2006 coepta
782 1932 909 1989 suntet
937 1942 993 2002 pro
1018 1927 1138 1998 legibus
1167 1926 1245 1999 poni

150 2054 302 2126 praecepta
328 2053 455 2126 aliquot.
486 2054 553 2111 Non
575 2063 702 2125 parvam
729 2049 802 2107 huic
827 2061 954 2120 operam
980 2045 1064 2104 dedit
1091 2048 1247 2116 Baconus

151 2187 219 2247 nec,
231 2175 264 2230 ut
278 2172 356 2231 mihi
371 2172 502 2246 videtur,
517 2172 703 2246 philosopho
718 2169 889 2242 indignam.

188 2297 211 2351 l.
229 2297 314 2364 Quen
328 2307 375 2354 sm
392 2305 479 2355 ructs
495 2307 557 2355 ms.
571 2293 759 2373 -Nationes
773 2292 871 2350 autin
886 2303 961 2363 pace
975 2291 1049 2350 sunt
1062 2289 1115 2347 aut
1128 2287 1249 2347 bellum

151 2418 271 2486 gerunt.
296 2417 402 2474 Utrum
429 2418 531 2489 potius
552 2418 593 2474 sit
616 2430 681 2475 non
705 2414 896 2486 ambigitur:
922 2412 1037 2486 optime
1057 2411 1133 2469 dixit
1151 2413 1249 2469 Hero·

153 2533 243 2592 dotus
265 2554 272 2591 :
299 2539 384 2598 Οὖδιὶς
405 2539 466 2591 οὓτω
489 2540 591 2598 ἀνόητός
604 2541 653 2591 ἐστι
665 2542 730 2598 ὅστις
742 2543 846 2603 πόλιμον
856 2545 901 2604 πρὸ
926 2539 1018 2603 εἰρήνης
1030 2538 1133 2604 αἱρέεται
1147 2544 1154 2557 ’
1169 2537 1194 2586 ἐν
1203 2541 1251 2599 μὶν

151 2659 195 2719 γὰρ
215 2664 245 2718 τῇ
271 2658 293 2704 οἱ
307 2655 578 2722 medicamentariam
592 2658 721 2720 θάπτουσι,
736 2659 759 2708 ἐν
772 2657 797 2708 δὲ
815 2665 849 2720 τῷ
862 2660 883 2706 οἱ
896 2658 997 2720 πατέρες
1016 2658 1072 2712 τοὺς
1090 2652 1183 2711 παῖδας
1203 2651 1247 2713 (l),

152 2769 259 2824 Utrum
280 2766 378 2838 magis
393 2767 557 2827 conveniat
571 2782 641 2826 cum
661 2771 772 2828 natura
789 2769 953 2828 hominum
964 2766 1124 2841 quondam
1139 2765 1250 2839 dispu-

155 2889 252 2945 tatum
267 2890 331 2961 esl3
352 2902 409 2947 nec
430 2889 499 2963 ipsa
522 2890 555 2948 in
572 2891 728 2949 Britannia
743 2891 865 2950 deluere
886 2891 938 2962 qui
953 2889 1112 2949 hominem
1125 2888 1252 2947 homini

154 3007 262 3080 lupum
287 3009 433 3068 dicerent.
461 3011 576 3079 Quibus
611 3011 772 3070 fatendum
801 3012 847 3070 est
870 3012 1050 3082 argumento
1079 3009 1176 3067 misse
1204 3010 1253 3067 tot

155 3128 293 3200 exempla
304 3131 333 3186 et
344 3129 426 3201 apud
436 3132 552 3189 veteres
563 3133 593 3188 et
602 3132 685 3204 apud
696 3132 891 3191 recentiores,
902 3135 1252 3204 Baconus,quauquam

157 3246 235 3304 solet
249 3249 388 3321 exempla
397 3252 532 3309 maximo
552 3252 583 3309 in
594 3252 712 3310 horrore
727 3252 850 3325 hahere,
862 3252 973 3310 rectius
985 3241 1025 3308 ad
1039 3263 1146 3322 pacem
1158 3252 1252 3308 natos

157 3378 223 3422 esse
245 3367 389 3425 mortales
414 3370 573 3427 contendit
595 3391 602 3426 ε
633 3393 643 3420 ι
670 3375 832 3445 Nunquam
857 3385 922 3429 non
943 3369 1059 3441 censui,
1081 3367 1139 3438 ait,
1167 3366 1251 3424 bella

161 3508 172 3536 ιι
194 3486 319 3546 morbos
333 3488 489 3562 malaque,
505 3503 613 3561 pacem
628 3504 748 3563 veram,
766 3491 1135 3562 naturalem,sanamque
1146 3499 1252 3545 rerum

162 3630 172 3656 ι
195 3607 387 3679 publicarum
416 3609 626 3667 conditionem
652 3623 765 3667 esse...
797 3610 823 3665 si
852 3609 920 3680 quis
947 3608 1108 3679 princeps,
1137 3605 1164 3661 si
1188 3619 1252 3676 qua

162 3746 172 3770 ι
195 3726 301 3782 civitas
323 3729 375 3783 aut
395 3725 509 3783 bonam
533 3727 702 3793 commodae
727 3728 928 3798 gloriosaque
949 3725 1033 3798 pacis
1054 3722 1251 3782 occasionem

164 3870 174 3892 ι
197 3848 330 3919 omittat,
356 3852 406 3905 aut
429 3849 576 3920 injustum
598 3847 711 3906 bellarm
733 3849 797 3906 nlla
820 3849 886 3907 sinc
909 3860 1001 3906 causa
1027 3845 1158 3916 moreat,
1179 3856 1251 3900 eurn
1290 3845 1297 3857 '
