2782 4868
594 368 784 429 -tco-

147 553 158 579 ι
180 531 285 588 restrae
300 524 379 585 nitri]
399 523 506 582 inutile
524 521 663 592 nihilque
683 528 843 591 perperam
860 516 1012 588 positum,
1030 514 1086 572 sed
1101 514 1189 586 quod
1208 513 1239 573 in

148 673 157 698 ιι
179 649 254 722 ipsis
274 660 375 705 rerum
390 645 508 705 obtinet
527 640 716 713 argumentis
742 637 897 728 accipiant
917 636 968 709 (t).
993 659 1005 685 ν
1030 636 1120 694 Nullo
1142 635 1238 694 modo

145 771 221 828 disci
238 782 329 842 posse
349 768 399 840 jus
410 767 471 824 nisi
483 765 519 822 ab
529 766 663 837 antiquis
672 760 786 836 turbulis
797 763 849 819 aut
863 760 900 815 ab
912 758 1068 832 imperiali
1080 757 1239 832 splendore

145 892 231 962 putat
244 889 446 960 lastinianus,
464 887 666 959 preceptores
681 884 747 942 iore
763 884 815 956 qui
826 885 936 955 sponte
951 895 1008 939 sua
1021 880 1145 940 fabulas
1159 879 1236 938 anti-

145 1023 220 1080 quas
248 1009 452 1066 exterminent
470 1006 609 1079 jurisque
633 1004 785 1063 elementa
809 1005 933 1060 teneant
955 1016 990 1061 ac
1016 1002 1149 1060 doceant
1174 1014 1236 1059 non

145 1129 307 1186 existimat.
324 1129 442 1187 Scilicet
457 1130 544 1185 etate
559 1126 613 1183 ilia
626 1126 673 1182 vix
688 1124 806 1197 judices
820 1123 971 1195 exstitere,
988 1122 1105 1180 nedum
1120 1126 1241 1179 exstare

143 1251 268 1319 possent
287 1250 498 1320 preceptores.
523 1248 671 1304 Praeterea
696 1248 767 1303 ante
794 1243 900 1302 omnia
925 1242 1028 1300 timuit
1044 1241 1237 1299 iustinianus

148 1382 186 1424 ne
203 1380 264 1439 que
278 1367 431 1425 sententia
454 1369 507 1424 aut
525 1366 631 1438 opinio
651 1378 670 1423 a
685 1363 813 1435 Digestis
830 1363 931 1421 aliena
947 1360 979 1419 in
995 1362 1078 1419 diem
1092 1359 1238 1433 prodiret,

147 1485 230 1544 unde
250 1485 366 1559 aliquid
387 1487 546 1557 dignitatis
569 1488 655 1544 tanto
678 1485 763 1558 operi
788 1484 998 1542 detraheretur
1021 1501 1029 1539 τ
1052 1482 1123 1540 ideo
1145 1481 1239 1540 vetuit

148 1625 159 1652 ι
181 1605 279 1663 ullum
301 1606 413 1664 endere
438 1605 677 1664 commentarios
693 1604 805 1662 iisdem
827 1603 946 1674 legibus
967 1600 1156 1660 adnectere:
1178 1601 1238 1659 nisi

150 1746 160 1772 ι
184 1727 303 1784 tantum
318 1726 344 1783 si
354 1725 445 1785 vellet
458 1739 511 1784 eas
526 1726 698 1796 ingressam
710 1736 815 1782 vocem
831 1722 1050 1782 transformare
1059 1721 1118 1779 sub
1133 1719 1239 1779 eosdm

149 1863 161 1888 ιι
185 1841 293 1900 ordine
311 1842 479 1914 eademque
499 1841 729 1913 consequentia,
746 1841 803 1898 sub
822 1853 882 1912 oue
896 1843 925 1898 et
940 1853 1015 1899 voce
1029 1843 1170 1897 Romana
1186 1853 1237 1911 po·

149 1962 244 2018 «sita
266 1965 387 2020 erant...
406 1961 486 2019 ilias
510 1962 612 2019 autem
632 1962 735 2032 legum
756 1960 1035 2033 interpretationes,
1055 1959 1120 2018 imo
1142 1959 1239 2030 magis

151 2078 397 2148 »perversiores
423 2092 476 2137 eos
498 2079 614 2151 jactare
642 2092 706 2137 non
741 2077 973 2136 concedimus:
1003 2092 1043 2136 ne
1071 2077 1240 2137 verbositas

151 2220 163 2248 ιι
185 2213 291 2257 eorum
301 2200 426 2272 aliquod
442 2199 559 2271 legibus
574 2199 688 2258 nostris
700 2199 817 2257 adierat
830 2213 866 2256 ex
878 2197 1061 2256 confusione
1071 2197 1238 2256 dedecus...

151 2343 162 2367 ιι
186 2290 224 2376 si
235 2322 309 2394 quid
325 2323 427 2381 autem
448 2324 507 2381 tale
532 2323 631 2381 iecere
647 2323 714 2380 ausi
730 2321 865 2392 tuerint,
882 2320 942 2393 ipsi
958 2319 1084 2394 quidem
1098 2319 1240 2378 falsitatis

153 2463 164 2486 ιι
185 2439 228 2495 rei
244 2440 480 2510 constituantur,
496 2440 656 2498 volumine
667 2441 768 2498 autem
782 2452 888 2497 eorum
904 2439 1086 2498 omnimodo
1102 2451 1238 2498 corrum-

152 2561 295 2626 «pentur
326 2560 380 2631 ld).
412 2582 422 2609 ιι
457 2564 566 2617 Parum
591 2560 715 2633 quidem
747 2574 764 2617 a
797 2560 969 2618 lustintano
1000 2560 1240 2632 preceptoribus

150 2674 290 2732 relictum
309 2678 364 2732 est.
417 2716 419 2721 -

186 2798 326 2855 Fatenmr
345 2797 469 2870 quidem
493 2798 570 2856 nibil
589 2799 761 2856 necessitati
784 2798 1014 2871 obiiciendum,
1028 2811 1087 2856 nee
1102 2799 1197 2857 modo
1215 2797 1241 2856 ei

151 2931 217 2988 quae
231 2932 266 2975 ex
282 2919 423 2991 fortuna,
442 2920 540 2977 sedet
556 2921 582 2977 ei
599 2934 665 2992 quae
687 2933 721 2978 ex
744 2921 863 2979 ratione
879 2919 1016 2992 procedit
1032 2918 1075 2991 (3)
1092 2939 1100 2976 ε
1117 2919 1241 2992 quodsi

150 3041 201 3095 aut
218 3039 294 3096 nulli
310 3038 373 3095 sint
388 3040 420 3096 in
438 3040 648 3112 aliquapente
669 3043 871 3112 preceptores
886 3043 939 3098 aut
953 3053 1007 3097 eos
1021 3041 1153 3098 omnino
1166 3039 1242 3112 juris

53 3164 56 3169 ’
151 3160 275 3229 ignaros
296 3173 362 3219 esse
386 3165 519 3234 constet,
543 3164 573 3221 et
597 3163 640 3220 ite
660 3175 726 3220 sese
750 3161 884 3219 habeant
909 3173 957 3218 res
982 3161 1017 3219 ut
1041 3157 1241 3218 nullomodo

151 3279 234 3350 quod
251 3280 391 3338 nondum
404 3282 444 3339 sit
458 3295 528 3340 mox
543 3281 608 3339 fore
624 3283 783 3353 appareat,
794 3292 868 3338 sane
885 3281 956 3337 tunc
973 3277 1184 3348 legumlatoris
1199 3280 1243 3335 cst

152 3397 312 3468 providere
328 3412 366 3457 ne
382 3400 452 3457 ideo
470 3403 588 3472 torpeat
600 3400 668 3471 jue,
685 3399 767 3470 quod
782 3411 848 3456 non
864 3398 965 3455 doceri
983 3397 1094 3471 possit,
1110 3410 1241 3469 precep-

155 3524 313 3592 torumque
324 3533 439 3578 munus
450 3519 508 3577 sibi
520 3532 685 3578 assumere.
704 3519 802 3577 liceat
816 3520 918 3577 eutem
933 3518 1014 3575 bane
1029 3519 1243 3577 necessitatem

151 3638 290 3708 abjicere.
315 3639 370 3697 Ubi
390 3641 473 3698 enim
498 3639 535 3696 de
557 3639 673 3712 optima
694 3637 773 3709 juris
795 3635 894 3694 torma
917 3635 1096 3707 disseritur,
1121 3648 1187 3694 non
1208 3648 1244 3694 ea

185 3980 215 4040 tt)
235 3979 394 4032 Prooemium
409 3981 441 4034 de
456 3981 663 4036 confirmatione
678 3985 898 4045 institutionum,
913 3986 946 4049 ἓξ.
964 3987 1019 4036 ‘tet
1034 3985 1058 4034 3.

186 4070 218 4132 tar
238 4071 274 4123 be
287 4069 490 4127 conflrmatione
507 4075 677 4140 Digestorum
693 4077 729 4129 ad
744 4080 865 4130 senatum
880 4081 905 4129 et
921 4088 1014 4128 omnes
1026 4073 1151 4140 populos,
1165 4074 1187 4136 t.
1200 4071 1241 4123 tt.

176 4165 216 4239 *to
237 4164 335 4226 bacon,
358 4165 395 4215 tin
411 4165 525 4232 apotogy
544 4166 572 4218 ot
590 4167 634 4220 tire
657 4169 713 4222 carl
729 4168 757 4219 oi
775 4170 875 4222 lisser:
901 4187 910 4213 ιι
929 4166 1000 4220 Sbait
1017 4167 1064 4218 not
1083 4161 1244 4218 reasonable

153 4271 163 4297 ιι
185 4265 246 4306 men
265 4252 299 4306 be
317 4254 468 4318 persuaded
491 4269 521 4310 as
543 4256 603 4311 urett
626 4257 662 4324 by
684 4259 820 4323 necessity
841 4257 869 4309 oi
887 4270 983 4311 reason
1003 4269 1031 4309 as
1051 4254 1087 4320 by
1107 4253 1245 4317 necessity

154 4363 164 4389 ιι
188 4343 217 4397 oi
230 4344 354 4399 tortunot
371 4366 380 4386 ιι
