2782 4868
571 408 740 468 -m—
853 437 855 440 v

146 561 321 627 Quumnon
336 556 400 616 sint
413 559 574 617 Bacchide
587 559 657 618 utili
670 559 738 631 lege
751 559 877 618 ferenda
887 562 1057 632 precepta,
1071 559 1124 632 qui
1138 561 1210 632 ipse·

109 679 148 736 de
163 677 295 738 utilitate
313 679 391 752 tegis
416 680 577 753 cujusdam
605 681 783 741 disseruerit
802 682 978 755 videamus,
1001 682 1035 739 in
1064 685 1203 740 Sermone

107 797 175 871 ejus
200 798 239 857 de
268 803 367 856 Urere
393 800 436 874 (t)
457 787 613 874 paulisper
637 802 760 862 morati.
792 803 870 872 Quot
895 805 924 860 et
951 803 1068 875 quanta
1088 813 1122 860 ex
1146 802 1201 860 toe·

108 931 186 976 nore
219 918 293 977 oriri
321 920 442 992 possint
466 921 550 980 mala
578 923 738 981 testantur.
763 923 793 981 et
830 923 964 996 endquae
1000 923 1135 984 civitates
1168 923 1202 982 in

109 1038 223 1111 quihus
245 1041 291 1098 tot
314 1040 482 1099 seditiones
505 1041 580 1100 inde
604 1042 802 1115 ingruerunt,
828 1047 871 1115 et,
895 1042 978 1115 apud
1002 1043 1202 1117 recentiores,

108 1157 172 1215 nisi
193 1157 319 1230 publicae
345 1159 458 1234 clades,
482 1161 600 1232 privata
622 1162 703 1220 certe
727 1162 826 1220 muita
854 1162 1046 1237 infortunia,
1076 1164 1204 1221 testatur

108 1289 241 1348 pravum*
260 1276 319 1336 hoc
338 1279 516 1336 commercii
535 1293 632 1349 genus
657 1281 691 1337 nt
710 1280 839 1354 aliquis,
855 1278 1002 1351 fingendo
1020 1293 1052 1339 se
1073 1280 1205 1353 pecnnia

108 1409 230 1471 carere,
243 1398 362 1456 ‘nescio
378 1410 454 1469 quas
469 1411 586 1457 merces
602 1412 658 1471 pro
679 1404 716 1458 ee
728 1399 845 1472 tradat,
871 1412 948 1472 quas
967 1400 1087 1473 emptor
1100 1398 1204 1457 statim

107 1519 206 1578 multo
230 1519 324 1579 vilius
350 1519 482 1591 vendat3
512 1533 578 1579 non
599 1520 684 1579 euim
705 1521 826 1578 tanturn
851 1519 934 1593 apud
957 1532 1016 1579 nos
1038 1518 1115 1577 illud
1138 1530 1202 1577 ens·

109 1636 188 1710 tiut,
221 1638 305 1710 quod
335 1639 426 1711 poeta
462 1639 568 1698 noster
597 1639 631 1696 in
654 1652 781 1698 scenam
805 1639 943 1712 induxit,
977 1647 1084 1699 verum
1111 1640 1141 1697 et
1169 1639 1203 1696 in

108 1757 283 1831 Britannia,
304 1760 441 1830 tempore
461 1759 590 1832 Bacchi,
622 1759 675 1832 qui
700 1760 768 1831 iege
791 1761 822 1818 id
849 1760 1014 1833 reprimere
1038 1759 1071 1816 in
1097 1759 1203 1817 animo

108 1848 216 1936 hahuit
231 1876 283 1950 (n.

145 2001 307 2059 sermones
322 2000 413 2058 antea
424 1999 462 2059 de
472 2010 567 2059 usura
576 1999 699 2059 hahitos
712 2001 762 2061 vei
778 2000 881 2073 potius
897 2001 1058 2056 invectivus
1072 1999 1204 2069 inpenso-

107 2133 158 2174 car
172 2117 205 2176 in
219 2118 420 2202 foeneratores
439 2119 601 2190 congestas
616 2118 748 2190 ,negligit
760 2123 913 2190 Baconus3
929 2131 969 2177 ne
983 2117 1203 2176 aristotelicam

108 2237 235 2310 quidem
250 2238 337 2296 iilam
350 2251 457 2298 vocem
475 2259 488 2288 ι
504 2252 570 2297 rem
582 2252 649 2298 esse
662 2240 771 2299 contra
786 2239 928 2298 nahuam
946 2237 982 2295 ut
998 2236 1128 2309 pecunia
1152 2249 1201 2306 ge-

110 2378 122 2409 «
142 2358 230 2416 neret
248 2358 414 2431 pecuniam
426 2377 437 2409 o
466 2358 609 2431 amplecti
634 2360 688 2416 aut
710 2357 892 2429 impugnare
918 2357 1061 2426 dignatur
1077 2373 1084 2411 ι
1099 2342 1123 2405 ἰι
1140 2357 1201 2425 Ego

111 2498 122 2525 ιι
144 2475 287 2536 verohoc
303 2475 373 2534 dico
389 2478 525 2550 tantum,
540 2476 643 2535 foenus
658 2489 725 2534 esse
742 2474 823 2532 inter
844 2487 992 2533 concessa
1006 2475 1130 2546 propter
1145 2471 1200 2529 dn-

110 2615 123 2647 «
146 2594 247 2654 ritiem
261 2597 374 2656 cordis.
394 2600 493 2666 Quum
508 2598 592 2656 enim
611 2610 735 2657 necesse
749 2596 789 2654 sit
802 2595 982 2655 hominihus
999 2597 1034 2653 ut
1053 2593 1200 2666 pecunias

111 2737 122 2766 ιι
144 2717 252 2776 mutuo
262 2699 336 2775 dent
352 2719 381 2775 et
397 2717 567 2790 accipiant,
586 2717 708 2789 sintque
723 2717 785 2774 tam
801 2715 879 2774 duro
894 2712 988 2774 corde
999 2715 1035 2770 ut
1049 2725 1100 2770 eas
1110 2711 1220 2782 gratis

114 2857 126 2886 ιι
148 2838 346 2897 commodare
356 2838 475 2912 nolint,
493 2839 646 2912 reliquum
659 2839 750 2896 estut
762 2837 1097 2910 permittanturusurae.
1112 2855 1123 2884 o
1136 2835 1203 2892 Non

108 2957 193 3015 enim
205 2958 351 3018 humane
361 2960 436 3031 legis
457 2962 502 3018 est
517 2972 625 3032 cogere
634 2959 776 3018 homines
791 2960 827 3017 ut
840 2959 954 3017 mutuae
966 2956 1100 3015 caritatis
1111 2967 1204 3013 eausa

127 3478 131 3483 ’
143 3456 174 3522 tlt
196 3456 339 3510 Sermones
351 3456 454 3520 tideles,
466 3469 568 3511 xxxix.

145 3549 175 3613 tt)
193 3548 340 3614 throught
351 3547 473 3602 oienect
483 3547 588 3615 against
601 3562 635 3601 au
653 3548 787 3615 injurians
800 3548 865 3602 shiit
875 3548 904 3602 ot
913 3550 989 3615 gain,
1003 3550 1035 3620 ‚in
1053 3549 1207 3615 delivering·

108 3637 137 3692 oi
146 3639 350 3693 commodities:
367 3659 378 3686 ιι
390 3639 515 3693 Whereas
526 3639 547 3692 it
553 3639 577 3693 is
583 3652 619 3692 on
629 3639 708 3693 usual
717 3640 834 3714 practice
844 3643 871 3693 to
879 3640 924 3694 the
930 3640 1050 3705 undoing
1063 3640 1116 3693 and
1125 3651 1203 3692 over»

111 3749 121 3774 ιι
142 3718 277 3795 throwing
293 3743 375 3796 many
394 3743 487 3796 young
505 3728 659 3797 gentlemen
677 3730 730 3783 and
747 3730 853 3794 others,
869 3731 927 3783 that
945 3731 1025 3784 when
1043 3742 1105 3782 men
1117 3742 1163 3783 ere
1175 3729 1204 3782 in

100 3839 121 3866 ιι
143 3821 281 3888 necessity
292 3821 344 3874 end
354 3820 444 3874 desire
456 3824 482 3874 to
494 3821 602 3875 horrow
617 3833 726 3887 money,
738 3820 803 3888 they
816 3833 861 3874 are
877 3820 1017 3874 answered
1035 3819 1092 3872 thet
1105 3831 1205 3885 money

113 3931 123 3957 ιι
145 3915 243 3965 cannot
252 3911 287 3965 he
296 3911 366 3976 had,
379 3911 427 3964 hut
438 3912 493 3965 thet
506 3912 571 3976 they
589 3925 651 3978 may
672 3911 741 3965 here
759 3911 945 3965 commodities
965 3910 1025 3964 sold
1046 3913 1112 3963 unto
1132 3910 1205 3964 them

111 4023 121 4050 ιι
142 4017 216 4070 upon
227 4004 313 4058 credit
327 4044 332 4070 ‚
348 4002 470 4058 whereoi
484 4003 549 4070 they
562 4004 640 4056 mehe
652 4015 751 4068 money
764 4016 793 4055 as
807 4003 871 4070 they
885 4014 944 4065 can,
956 4003 1019 4064 etc,
1034 4030 1066 4038 -
1079 4002 1150 4054 hanc
1163 4000 1203 4055 le-

110 4107 171 4160 gem
193 4095 307 4149 edictam
322 4094 408 4149 voluit
431 4097 568 4159 Baconns,
589 4098 618 4148 nt
636 4093 827 4158 ioeneratores,
851 4106 899 4160 pro
918 4093 1055 4146 mercibus
1078 4091 1203 4152 venditis,

107 4185 183 4241 nuile
192 4188 296 4241 actione
306 4187 484 4251 munirentur,
497 4191 523 4241 et
531 4187 618 4254 poenis
631 4187 799 4254 gravissimis
811 4187 834 4250 (ι
846 4189 872 4238 to
885 4185 977 4239 forfeit
986 4185 1033 4239 ior
1041 4198 1124 4250 every
1137 4183 1203 4236 such

111 4297 122 4324 ι
144 4280 246 4333 otience
259 4279 304 4332 the
318 4292 377 4332 snm
389 4278 417 4332 oi
428 4293 478 4332 one
492 4279 617 4332 hundred
627 4279 742 4345 ponnds‚
756 4281 783 4331 to
793 4278 827 4333 he
841 4276 974 4343 punished
986 4277 1022 4344 by
1040 4277 1082 4331 sir
1094 4274 1203 4329 months

112 4388 123 4416 ι
144 4369 172 4424 oi
185 4371 390 4439 imprisonmcnt
405 4372 457 4425 and
469 4372 506 4438 hy
519 4372 564 4426 thc
576 4371 676 4439 piliory
691 4373 719 4436 o]
734 4371 914 4427 afficerentur.
