2782 4868
609 397 755 459 ..9.-

134 557 264 629 proluit,
284 554 310 612 si
329 553 405 626 quid
423 554 525 610 autem
546 554 575 609 et
595 552 628 610 in
650 551 814 610 excelsiore
831 550 885 608 illa
898 552 1001 624 parte,
1018 563 1111 623 quam
1126 556 1218 607 meta

131 674 285 746 pdpstcam
299 672 424 745 vocant,
441 669 559 729 efficere
574 669 688 744 voluit,
705 666 783 727 nihil
794 667 878 727 aliud
894 680 987 739 quarn
1009 666 1223 724 similitudines

132 809 232 851 oneras
260 791 394 865 peperit,
426 789 483 848 etsi
516 789 626 848 «tales
658 802 710 846 eas
734 787 863 847 nonnisi
888 769 1068 846 hominibus
1111 800 1221 859 pamm

134 935 144 963 u
168 911 394 985 perspicacibus
413 911 511 970 videri
533 923 623 983 posse
641 930 653 960 o
675 909 750 967 dicit
768 908 822 985 tl).
840 909 884 967 rtd
898 908 1062 966 utilitatem
1081 920 1146 965 sese
1167 921 1219 979 ap-

132 1033 225 1104 plicet
249 1046 373 1092 nccesse
393 1033 448 1091 est.
482 1031 557 1088 lnde
582 1032 612 1088 et
635 1031 854 1088 Germanorum
880 1029 1092 1100 contemptus,
1117 1028 1222 1099 utpote

132 1151 244 1224 quibus
258 1153 367 1223 ignotae
382 1152 524 1218 virtutes,
543 1149 690 1220 tanquam
709 1147 846 1220 ParthiS,
863 1163 941 1204 noco
955 1148 1043 1219 citio,
1060 1145 1090 1204 et
1104 1145 1219 1204 Britan-

131 1282 243 1327 norum
257 1281 355 1342 amor,
372 1270 417 1340 et,
434 1281 502 1340 qua
521 1267 580 1326 fuit
600 1267 682 1340 apud
700 1280 759 1325 nos
778 1267 950 1325 novissimo
972 1267 1103 1339 seculo,
1122 1265 1219 1324 admi-

127 1390 204 1446 ratio
221 1387 274 1460 (a).
290 1389 414 1459 vigente
430 1387 514 1445 eninr
529 1387 728 1459 philosophia
743 1400 811 1459 qua
826 1387 906 1445 nihil
920 1399 986 1444 non
1003 1386 1044 1444 ad
1057 1385 1220 1443 utilitatem

128 1507 238 1565 referre
254 1507 387 1581 solebat,
407 1518 516 1565 omnes
534 1508 691 1564 auctorem
711 1505 881 1577 ducemque
902 1508 1056 1563 Baconum
1081 1505 1139 1563 sibi
1161 1503 1221 1564 visi

129 1626 203 1680 sunt
224 1623 354 1696 habere,
381 1636 439 1680 nec
464 1623 625 1694 lampada,
654 1622 693 1679 ab
718 1622 772 1679 illo
798 1622 960 1696 traditam,
985 1622 1025 1680 ad
1045 1622 1123 1680 alios
1145 1635 1221 1680 usus

128 1741 243 1798 vertere
267 1740 502 1811 dubitaverunt,
519 1752 597 1811 quos
627 1737 810 1810 praeviderat
834 1737 885 1795 ille
914 1737 1031 1810 forsan,
1057 1738 1221 1820 horruerat

129 1859 209 1916 certe
236 1858 287 1930 (3).
313 1861 398 1916 Nunc
423 1857 516 1916 etiam
540 1859 613 1916 sunt
637 1858 690 1929 qni
715 1857 849 1915 sterilem
870 1857 1055 1915 socraticam
1080 1856 1218 1928 philoso·

129 1978 235 2049 phiam
250 1978 446 2048 existiment,
466 2001 479 2028 α
495 1978 590 2037 verba
605 1981 635 2036 et
651 1992 736 2037 mera
751 1978 844 2037 verba
857 1992 914 2037 nec
929 1978 1098 2050 quidquam
1110 1979 1220 2050 prater

129 2119 144 2144 n
166 2097 259 2156 verba
274 2098 307 2154 in
329 2096 599 2155 celeberrimorum
617 2097 876 2170 philosophorum
895 2098 940 2157 tot
959 2097 1112 2155 diuturnis
1132 2097 1217 2156 lebo-

131 2237 142 2265 0
165 2216 249 2273 ribus
275 2218 348 2273 nata
371 2228 437 2273 esse
464 2237 475 2266 u
507 2217 698 2274 contendant
723 2215 786 2289 (i),
807 2220 962 2275 Baconum
986 2230 1058 2276 vero
1083 2218 1217 2290 primum

123 2334 249 2394 mentes
274 2333 455 2405 hominum,
480 2335 543 2392 tam
566 2335 660 2404 longo
682 2334 817 2405 tempore
844 2332 1104 2405 disputationibus
1127 2346 1225 2391 occu--

130 2822 145 2849 o·
161 2808 249 2857 tamen
269 2805 367 2870 etiam,
388 2808 418 2858 ut
437 2806 532 2867 debui,
553 2806 696 2859 mensariis
717 2805 814 2859 tradidi
834 2804 903 2864 illis,
926 2803 941 2856 a
963 2803 1062 2870 quibus
1081 2804 1211 2870 optimum

120 2914 141 2962 ⁴n
161 2894 263 2962 acquiri
275 2895 408 2961 potuisset
419 2895 539 2961 lucrum,
554 2896 601 2949 sed
614 2896 735 2962 impendi
745 2907 888 2963 perperam
906 2895 941 2946 iis
960 2894 993 2947 ad
1008 2893 1123 2961 qnae.iui
1135 2896 1214 2960 aptus

131 3003 140 3025 ι
160 2983 308 3035 minimum.
324 3002 335 3028 u

163 3075 193 3136 (il
204 3075 240 3127 be
254 3075 321 3139 hug.
335 3087 372 3127 sc.
388 3074 497 3140 tibin,
513 3087 571 3142 cap.
588 3078 613 3138 l,
630 3077 651 3139 l.
667 3079 690 3128 5.

163 3159 804 3231 111101ιο1,01011100110000100000,1”100οιι
818 3180 824 3214 :
843 3181 854 3210 a
868 3164 917 3216 Les
927 3161 1104 3229 philosophes
1113 3162 1216 3215 memes

104 3280 105 3284 =
130 3267 139 3295 ι
160 3249 192 3302 de
208 3249 395 3317 l'tngleterre,
415 3251 455 3304 les
473 3251 595 3306 hommes
617 3255 664 3321 qui
681 3253 815 3307 semblent
835 3254 920 3308 nones
941 3268 989 3320 par
1005 3251 1164 3320 profession
1179 3266 1213 3306 au

130 3357 139 3385 c
159 3339 383 3408 developpement
403 3343 437 3397 de
459 3343 649 3410 l'intelligenoe
668 3359 749 3411 pure,
771 3347 876 3410 Bacon,
899 3347 1006 3410 tocke,
1028 3345 1069 3398 les
1093 3346 1216 3400 licossais
1283 3387 1285 3392 ,

60 3449 66 3458 ·
129 3450 139 3474 ι
158 3434 361 3498 appartiennent
371 3433 387 3486 a
399 3434 494 3488 l'ecolc
509 3434 716 3503 philosophique
727 3437 809 3504 qu’on
824 3443 888 3503 peut
903 3437 1014 3503 appeler
1026 3437 1166 3503 prolique3
1181 3438 1214 3490 ils

127 3541 137 3565 «
156 3521 327 3589 s'inquietent
339 3529 447 3578 surtout
456 3526 503 3579 des
514 3525 641 3580 resultats
654 3526 805 3580 immediats
823 3529 850 3581 et
866 3527 985 3593 positiis.
996 3567 1002 3581 .
1013 3569 1035 3581 ..
1050 3545 1056 3592 ;
1073 3529 1108 3582 ils
1124 3532 1171 3582 ont
1186 3529 1214 3583 le

129 3630 138 3656 ι
159 3613 237 3677 genie
253 3615 290 3668 du
304 3615 359 3669 bon
372 3629 445 3670 sens.
463 3638 472 3663 u

164 3706 194 3768 131
215 3706 280 3758 lnst.
304 3719 392 3771 magn.
418 3707 479 3760 ded.
505 3727 515 3754 ι
541 3708 624 3775 itque
646 3707 714 3761 illud
739 3710 850 3775 insuper
875 3709 1011 3776 supplices
1032 3723 1159 3776 rogamus
1180 3725 1215 3765 ne

128 3814 137 3839 ι
158 3793 274 3848 humana
295 3796 394 3849 divinis
418 3798 542 3851 officiant.
568 3818 577 3845 u
605 3799 640 3851 df.
666 3800 699 3852 de
729 3802 795 3865 ing.
818 3804 850 3863 1,
873 3801 920 3853 lib.
945 3802 964 3852 1.
999 3823 1009 3848 ι
1033 3805 1096 3855 Sunt
1114 3804 1215 3858 limites

128 3905 138 3932 «
155 3888 230 3949 1195,
245 3906 255 3934 u
270 3890 321 3941 etc.

160 3979 190 4042 (1]
202 3978 346 4046 liaconlay,
357 3980 409 4034 loc.
427 3981 472 4034 cit.
490 3997 517 4049 p.
532 3985 587 4036 illl.
599 4013 629 4020 -
643 3984 678 4036 Gi.
692 3998 717 4050 p.
733 3987 783 4037 07:
806 4006 816 4031 ι
831 3985 893 4039 This
903 3992 960 4038 sort
971 3988 999 4040 oi
1008 3987 1179 4055 philosophy,
1195 3990 1215 4040 it

128 4087 139 4114 «
159 4070 183 4123 is
199 4071 319 4136 crident,
338 4074 418 4126 could
436 4075 528 4128 nothe
542 4078 725 4141 progressive.
740 4079 762 4130 lt
772 4079 857 4152 might
870 4079 967 4133 indeed
981 4080 1096 4147 sbarpcn
1112 4082 1163 4134 and
1175 4083 1215 4134 in-

129 4179 139 4204 «
161 4161 282 4227 vigorate
300 4165 346 4218 the
365 4167 454 4220 minds
477 4167 507 4220 ol
520 4167 597 4221 those
613 4168 673 4222 who
695 4170 809 4222 devoted
827 4170 990 4224 themselves
1011 4175 1037 4224 to
1057 4173 1089 4236 it,
1115 4174 1167 4224 and
1186 4186 1216 4224 so

129 4253 247 4317 «might
265 4254 311 4309 the
331 4256 453 4323 disputes
482 4257 510 4311 ol
530 4259 574 4311 the
602 4260 735 4314 orthodox
757 4262 923 4327 hilllpntians
947 4263 998 4314 and
1021 4264 1065 4317 the
1086 4263 1217 4319 horetioal

128 4362 137 4386 ι
160 4342 363 4402 ltleiuscndians
378 4347 458 4402 about
472 4349 514 4404 the
527 4350 572 4416 big
584 4351 650 4408 onds
660 4352 710 4413 arrd
725 4353 769 4407 the
780 4352 848 4406 little
861 4353 927 4408 ends
943 4353 971 4407 ol
980 4368 1054 4422 eggs.
1075 4375 1085 4400 ι
