2782 4868
589 351 778 412 —179-

147 524 159 552 ι
179 501 311 572 fragium
326 511 455 571 passura
471 500 526 571 sit,
544 513 610 571 quae
627 501 666 559 ad
681 502 805 572 portum
821 500 1017 574 perventura,
1035 502 1136 573 idest,
1153 503 1233 574 quod

147 645 159 672 ι
181 621 357 680 dominium
374 621 496 695 stabile,
513 622 596 692 quod
611 622 763 681 incertum
778 623 916 681 laturum
932 623 981 680 sit.
999 646 1011 672 ι

180 740 295 799 Deinde
315 741 390 813 quid
412 741 506 827 electa
525 741 563 799 de
585 742 713 800 materia
735 742 916 813 dicendum,
938 754 992 800 cur
1008 742 1050 800 ita
1066 741 1181 800 dictum
1197 744 1236 799 sit

147 863 288 932 exposuit
312 862 427 934 noster,
453 863 546 933 longo
568 862 693 934 quidem
718 862 870 934 prooemio
889 876 979 935 usus,
999 864 1105 936 utpote
1126 864 1177 935 qui
1198 863 1236 920 ab

145 982 258 1040 usitato
277 994 387 1052 genere
408 982 531 1040 dicendi
551 982 587 1039 tn
606 983 721 1041 sobolis
741 983 868 1055 paulum
889 984 1053 1043 abhorrere
1074 985 1234 1043 uideatur:

147 1121 159 1151 ιι
180 1103 362 1173 Quanquam
387 1099 471 1158 haud
497 1100 622 1170 ignarus
647 1113 716 1158 sum
742 1100 932 1161 difficultatis
958 1104 1019 1176 rei,
1047 1116 1140 1175 quam
1165 1116 1237 1160 mox

147 1244 160 1270 «
184 1214 294 1279 sentiet
316 1221 502 1302 quicumque
522 1233 591 1279 eam
610 1222 740 1279 tractare
759 1223 901 1295 ceperit,
921 1236 978 1282 nec
999 1236 1049 1281 me
1068 1224 1172 1295 ipsum
1192 1222 1237 1280 illi

151 1362 162 1393 ιι
184 1343 335 1414 imparem
350 1341 470 1414 nescio,
485 1340 570 1413 quod
584 1353 705 1412 semper
719 1342 857 1413 intelligo
874 1344 903 1401 et
917 1342 1077 1415 confiteor,
1089 1344 1239 1416 attamen,

150 1481 160 1510 ι
182 1459 330 1531 quoniam
350 1458 427 1515 milri
447 1459 512 1516 erat
531 1457 602 1529 plns
621 1459 827 1517 excusationis
848 1472 941 1532 quam
957 1460 1152 1533 junioribus,
1170 1461 1241 1531 plus

151 1594 163 1625 ι
184 1573 242 1632 otii
256 1585 348 1644 quam
365 1571 556 1630 doctioribus
570 1616 577 1644 ,
593 1571 628 1630 eri
647 1586 697 1631 me
717 1573 834 1645 aliquid
853 1575 927 1633 utile
947 1575 1022 1633 oriri
1042 1589 1134 1647 posse
1152 1589 1238 1646 repu-

152 1715 165 1740 ιι
186 1689 258 1748 tavi.
281 1688 415 1760 Scilicet,
437 1687 490 1746 ubi
508 1689 557 1747 vir
580 1689 747 1748 mediocris
762 1691 880 1760 ingenii
894 1692 1078 1750 intentusin
1094 1692 1243 1764 aliquare

150 1824 168 1866 a
187 1811 336 1884 versatur,
358 1822 439 1882 saepe
457 1810 560 1870 evenit
578 1812 613 1868 ut
633 1812 787 1884 tempore,
806 1811 1000 1885 meditando,
1017 1812 1116 1872 solvat
1130 1812 1243 1870 multas

152 1951 163 1980 ι
186 1943 223 1987 er
244 1929 503 2002 dubitationibus,
524 1931 689 2004 inquibus
709 1932 812 2005 majus
837 1933 1016 2008 ingenium,
1041 1935 1148 1993 multis
1173 1934 1242 1992 aliis

155 2072 166 2100 ιι
187 2050 279 2108 rebus
303 2054 506 2124 occupatum,
530 2052 653 2110 haereat.
681 2053 710 2110 Si
735 2054 869 2112 crassior
892 2058 945 2113 aut
968 2053 1150 2113 imbecillior
1175 2065 1244 2111 surn

155 2191 166 2219 ιι
188 2183 281 2242 qnam
297 2170 350 2242 qui
363 2170 499 2242 judicem
515 2172 566 2228 aut
582 2171 758 2245 inveniam,
773 2174 854 2231 certe
868 2172 945 2231 mihi
970 2175 1042 2230 sunt
1064 2173 1131 2231 aliu
1146 2176 1244 2244 artes,

155 2312 167 2341 ιι
188 2304 319 2363 quarum
332 2291 446 2349 auxilio
462 2304 551 2363 spero
566 2304 616 2349 me
632 2289 854 2364 dispositurum
869 2293 1065 2355 auctoritates
1081 2294 1110 2350 et
1125 2292 1244 2366 opinio·

156 2433 168 2462 ι
191 2424 247 2495 nes
267 2411 305 2468 de
320 2424 380 2469 usu
394 2410 587 2483 obtinentes,
603 2410 657 2468 tali
674 2411 802 2485 ordine,
817 2414 852 2471 ut
868 2426 904 2470 ex
918 2426 985 2470 sese
999 2412 1132 2471 invicem
1146 2411 1246 2469 lucem

159 2555 170 2582 ιι
193 2534 328 2605 aliquam
350 2528 521 2602 accipiant,
544 2542 778 2609 quanquamea
792 2544 841 2588 me
856 2530 985 2589 nullam.
1002 2530 1088 2599 Quod
1103 2533 1141 2590 ad
1155 2532 1248 2605 hujus

160 2675 171 2703 ιι
193 2653 396 2727 proiectiouis
416 2651 576 2709 materiam
597 2651 727 2724 spectat,
753 2650 830 2708 mihi
855 2664 944 2709 mens
968 2653 1014 2709 est
1038 2653 1195 2712 restituere
1220 2655 1249 2710 et

161 2800 171 2826 ι
194 2774 280 2846 sequi
296 2774 430 2833 veterem
447 2773 578 2832 docendi
594 2773 746 2832 rationem
762 2773 883 2845 qualem
898 2774 1004 2832 videre
1018 2779 1064 2832 est
1078 2774 1111 2832 in
1127 2773 1248 2846 preloc-

161 2918 172 2945 ιι
194 2895 330 2953 tionibus
351 2893 471 2952 domini
491 2893 632 2952 Froliclrii
648 2893 685 2950 de
703 2892 905 2964 praerogativa
927 2894 957 2950 et
977 2892 1122 2950 omnibus
1142 2891 1249 2949 ceteris

162 3035 173 3064 ιι
194 3014 332 3087 ejusdem
348 3013 513 3086 temporis,
529 3027 596 3085 quae
611 3013 715 3070 minus
731 3024 869 3085 pompae,
886 3009 985 3084 magis
1002 3012 1127 3071 utilitati
1146 3010 1252 3070 tribuit

163 3157 174 3185 ιι
196 3148 289 3207 quam
306 3147 372 3206 quae
388 3145 508 3205 semper
521 3133 555 3190 in
569 3133 689 3191 honore
704 3144 771 3190 esse
787 3132 887 3203 eoepta
900 3133 956 3189 est.
968 3135 1051 3189 luno
1066 3131 1249 3202 enimexpo·

165 3276 175 3305 ιι
196 3253 349 3313 nebantnr
369 3254 499 3326 statuta,
525 3254 554 3310 et
577 3251 715 3324 subjecta
735 3251 881 3323 materia,
903 3253 932 3309 et
951 3251 977 3309 si
1000 3251 1074 3323 quid
1096 3251 1252 3310 diversum

165 3395 176 3424 ιι
197 3377 277 3433 esset
291 3393 298 3431 ε
314 3387 423 3433 omnes
443 3373 527 3431 enim
549 3358 760 3445 praeleotioues
779 3372 812 3429 in
835 3370 929 3429 simili
949 3371 1033 3442 lege,
1050 3370 1082 3429 in
1099 3371 1254 3429 contraria

166 3516 179 3543 ι
195 3493 261 3563 lege
285 3493 401 3552 versari
428 3491 610 3564 invenietis,
636 3503 768 3564 quarum
803 3503 839 3548 ex
863 3502 926 3547 una
954 3489 1084 3547 discitur
1118 3487 1254 3559 subjecta

166 3609 347 3683 «materia,
368 3625 405 3668 ex
426 3612 521 3670 altera
542 3611 733 3670 discrimina.
762 3613 829 3668 Non
857 3613 961 3668 autem
986 3609 1019 3666 in
1050 3609 1099 3666 his
1124 3607 1255 3679 reperire

167 3753 177 3782 ι
200 3732 245 3788 est
260 3729 387 3789 subtiles
402 3728 626 3802 dubitationes,
641 3729 792 3802 plurimos
807 3727 985 3787 fastidiosos
1001 3726 1030 3783 et
1045 3725 1192 3784 obscuros
1206 3737 1254 3782 ca-

168 3873 180 3901 ιι
201 3863 270 3925 sus,
295 3850 348 3922 qui
373 3861 500 3922 omnes,
524 3848 633 3920 prater
656 3861 773 3921 unum,
798 3846 910 3920 sepulti
934 3849 1021 3918 sunt,
1046 3844 1129 3902 illius
1154 3845 1255 3900 aulem

171 3994 182 4024 ι
203 3973 302 4045 major
318 3984 389 4044 pars
404 3983 472 4029 esse
488 3969 618 4028 soleant.
640 3967 788 4042 Equidem
808 3968 914 4026 laboro
933 3968 968 4026 ut
987 3968 1089 4025 uetera
1106 3963 1257 4036 praecepta

173 4105 332 4169 «sequar,
346 4091 445 4162 legem
464 4090 503 4148 de
526 4087 770 4148 dubitationibus
790 4087 944 4160 aperiam,
965 4100 1029 4144 non
1051 4083 1257 4143 dubitationes
1341 4164 1344 4165 ⁷

175 4237 185 4264 ι
209 4214 246 4272 de
265 4213 340 4282 lege.
364 4234 375 4263 ιι
398 4215 504 4271 Nonne
529 4212 609 4268 totus
632 4211 758 4282 apparet
780 4209 839 4267 lroo
865 4207 897 4265 in
923 4205 1075 4279 prooemio
1101 4207 1256 4263 baconus?

173 4337 279 4392 Nonne
290 4333 392 4392 videre
406 4336 451 4391 est
466 4335 495 4393 et
509 4344 659 4393 novarum
674 4344 776 4390 rerum
792 4343 929 4390 amorem
944 4330 972 4388 et
987 4329 1157 4402 priscarum
1167 4336 1256 4383 vene-
