2782 4868
652 338 819 401 ..pg-

193 496 222 552 et
238 468 386 552 damnum
404 493 558 565 patiantur
578 493 607 550 et
625 492 702 551 lucri
727 506 813 567 spem
834 492 983 551 amittant.
1000 493 1073 551 inde
1100 491 1290 567 t‘optimnm

195 635 206 663 ι
226 612 317 671 tuerit
326 623 498 685 proponere
508 609 598 669 nobis
609 612 680 668 ante
690 611 796 670 oculos
806 610 935 670 ioenoris
946 611 1110 671 commoda
1118 613 1150 671 et
1162 613 1286 674 incom-

194 754 205 781 ιι
226 732 334 807 moda,
347 734 381 791 ut
394 731 512 792 bonum
526 732 574 792 vei
590 732 776 806 ponderetur
788 733 837 791 vei
853 735 1009 806 separetur
1024 752 1032 789 ε
1048 733 1221 806 quinetiam
1236 750 1285 796 ca-

193 875 204 903 ι
224 865 295 915 vere
309 852 452 926 inprimis
467 865 523 926 ne,
540 851 614 911 dum
631 853 751 912 ioenore
765 852 902 910 feramur
911 853 944 910 in
959 852 1091 927 melius,
1106 853 1286 928 intercipia-

193 993 204 1022 ιι
223 985 293 1032 mur
303 975 333 1031 et
347 972 572 1032 intercedamus
590 973 623 1030 iu
639 973 737 1046 pejus.
756 995 768 1022 ιι

225 1094 344 1164 Septem
364 1095 466 1152 autem
480 1095 554 1151 sunt
577 1092 706 1153 ioenuris
726 1092 944 1153 incommoda:
973 1094 1056 1166 quod
1075 1096 1287 1157 mercatorum

190 1224 352 1270 numerum
366 1210 494 1286 minuit,
506 1212 689 1286 prevalente
699 1213 758 1272 bac
772 1214 909 1287 pecunia
921 1215 954 1273 in
969 1214 1074 1291 foenus
1089 1216 1285 1292 erogatione,

190 1333 274 1406 quod
287 1335 472 1393 mercatores
485 1334 594 1407 inopes
610 1334 728 1407 reddit,
744 1335 842 1394 nimia
856 1348 952 1393 usura
965 1336 1286 1409 praeparabamus

189 1453 327 1523 portoria
340 1454 369 1511 et
383 1452 542 1524 vectigalia
556 1454 683 1527 minuit,
700 1453 784 1527 quod
800 1453 977 1512 thesaurum
990 1455 1020 1511 et
1035 1454 1184 1526 pecunias
1197 1457 1288 1527 regni

190 1574 223 1632 iu
237 1587 405 1647 paucorum
428 1587 540 1634 manus
557 1574 694 1648 reducit,
720 1574 803 1647 quod
823 1573 1010 1646 praediorum
1025 1573 1157 1646 pretium
1180 1573 1287 1647 depri-

190 1695 263 1769 mit,
279 1694 362 1767 quod
378 1708 486 1754 omnes
500 1693 637 1767 iabores,
659 1694 821 1754 molimina
835 1695 865 1750 et
877 1693 1005 1752 inventa
1018 1706 1099 1753 nova
1114 1694 1241 1752 enervat
1256 1697 1290 1754 et

190 1814 321 1888 hebetat,
337 1815 420 1887 quod
434 1815 516 1873 tinea
529 1817 576 1872 est
586 1817 616 1872 et
626 1813 730 1872 teredo
744 1813 926 1871 facultatum
936 1812 1053 1885 popuii.

226 1938 340 1994 Rursus
354 1935 518 1995 commoda
532 1935 664 1995 foenoris
682 1935 747 1994 baeo
763 1938 849 2010 suut,
864 1934 985 2025 majora
998 1934 1140 2008 quidem,
1159 1936 1287 1995 verula-

191 2054 255 2112 mio
267 2054 371 2126 judice
386 2073 393 2112 :
411 2056 510 2128 quod,
526 2058 694 2130 utcumque
702 2070 803 2115 usura
819 2056 852 2114 in
867 2055 1020 2128 aliquibus
1033 2057 1213 2115 mercatura
1227 2071 1288 2116 no-

192 2176 276 2246 cent,
299 2173 332 2232 in
347 2174 416 2232 aliis
430 2174 634 2235 nihilominus
651 2177 799 2250 prosunt3
825 2176 924 2249 quod,
940 2175 1001 2233 nisi
1021 2175 1165 2249 prompta
1184 2175 1253 2236 haec
1269 2192 1290 2237 a

192 2295 430 2355 ioenerutoribus
456 2298 658 2370 pecuniarum
683 2297 833 2356 mutuatio
862 2296 1026 2355 bominum
1050 2294 1289 2366 necessitatibus

193 2417 382 2488 subveniret,
408 2419 441 2476 in
460 2421 610 2478 extremas
634 2419 790 2490 augustias
810 2417 870 2476 cito
892 2417 1116 2490 redigerentur,
1143 2417 1287 2489 quando·

194 2535 317 2608 quidem
340 2538 522 2607 cogerentur
544 2551 593 2595 res
608 2550 679 2596 suas
704 2537 780 2609 (sive
795 2538 878 2596 bona
897 2536 1044 2609 mobilia,
1070 2537 1133 2596 sive
1154 2537 1286 2609 predia)

194 2653 287 2710 nimis
309 2654 364 2714 tili
390 2654 487 2726 pretio
509 2655 659 2723 vendere3
695 2656 775 2727 quod
802 2656 951 2714 mutuatio
974 2655 1175 2727 pecuniarum
1197 2657 1287 2715 uuila

195 2786 260 2831 esse
274 2776 389 2845 potest,
407 2776 468 2834 nisi
483 2776 619 2835 admisso
635 2777 764 2836 ioenore.
785 2801 796 2826 ·
817 2781 920 2851 itaque
935 2779 971 2837 de
985 2777 1146 2836 abolendis
1156 2791 1285 2850 prorsus

199 2914 209 2941 ιι
230 2893 332 2951 usuris
348 2895 614 2953 sermonesiacere
628 2895 767 2967 ineptum
781 2896 869 2955 toret,
889 2911 907 2952 s

234 3034 245 3062 ιι
266 3014 349 3072 Patet
371 3014 450 3088 jam,
477 3015 664 3075 conferendo
684 3017 763 3074 inter
787 3030 818 3074 se
848 3018 1010 3076 commoda
1032 3018 1061 3075 et
1084 3017 1285 3078 incommoda

199 3154 210 3182 ιι
231 3147 394 3194 usurarum
420 3136 619 3209 (quodmodo
644 3138 802 3211 fecimus),
828 3139 888 3197 duo
914 3152 980 3196 esse
996 3152 1063 3210 quae
1085 3138 1285 3198 reconciliare

197 3274 210 3305 ιι
232 3257 370 3326 oportet:
393 3257 496 3330 prius,
523 3262 557 3316 ut
576 3260 778 3318 retundantur
796 3261 902 3319 dentes
924 3259 1069 3332 ioenoriS,
1090 3272 1129 3317 ne
1151 3257 1284 3318 nimium

199 3395 210 3424 ιι
232 3376 396 3435 mordeant
411 3396 419 3434 ε
436 3378 606 3437 secundum
620 3382 653 3436 ut
667 3380 741 3439 viris
751 3381 925 3452 pecuniosis
939 3380 1092 3452 aperiatur
1105 3378 1156 3439 tia
1168 3392 1230 3451 qua
1244 3379 1285 3437 ad

197 3497 377 3568 «pecunias
402 3497 620 3557 mercatoribus
639 3499 849 3571 prestandum
871 3499 1053 3571 invitentur,
1075 3511 1114 3555 ue
1138 3510 1286 3556 commer-

198 3634 209 3662 ιι
232 3612 314 3671 cium
330 3613 498 3672 intercedat
512 3616 565 3673 aut
580 3615 775 3687 languescat:
802 3616 862 3676 troc
877 3618 978 3675 autem
997 3614 1063 3674 lieri
1083 3627 1148 3673 non
1166 3616 1284 3687 potest,

199 3753 210 3781 ιι
232 3733 293 3789 uisi
322 3733 355 3790 iu
376 3732 496 3791 ioenore
517 3733 594 3793 duas
617 3736 831 3807 proportiones
855 3736 1051 3808 introduces,
1077 3734 1231 3793 minorem
1255 3734 1285 3792 et

199 3840 390 3923 nmajorem.
411 3875 424 3901 ιι
448 3853 504 3910 illa
519 3855 638 3926 autem,
656 3853 800 3912 omuibus
819 3854 983 3927 permissa,
1002 3853 1041 3911 ad
1061 3853 1179 3924 partem
1202 3853 1280 3911 vice-

195 3972 305 4030 simam
332 3976 422 4032 sortis
443 3988 498 4047 pro
518 3975 709 4033 mutuatione
733 3974 766 4032 iu
788 3949 905 4034 aunum
927 3975 1090 4033 reducatur
1115 3994 1122 4030 ε
1153 3973 1224 4032 buc
1244 3973 1283 4031 ad

196 4091 420 4151 duodecimam.
437 4095 530 4152 Certis
542 4093 726 4166 quibusdam
742 4094 920 4153 bominibus
928 4093 1148 4153 commodandi
1158 4093 1283 4152 licentia

196 4210 394 4284 concedatur,
413 4225 469 4271 neo
484 4214 605 4286 possint
621 4212 831 4284 commodare,
850 4212 909 4270 uisi
934 4212 1154 4271 mercatoribus
1179 4213 1280 4284 notis,

193 4327 331 4402 principe
346 4344 401 4403 pro
418 4330 470 4392 iila
486 4333 625 4404 exiguam
637 4332 770 4405 aliquam
786 4344 937 4391 summam
949 4331 1152 4404 percipiente:
1169 4328 1281 4402 quibus
