2782 4868
597 318 765 380 —ls-

180 495 246 558 tam
266 501 404 556 Baconus
427 498 623 557 audiendus:
654 497 922 557 «Firmamentum
938 494 1017 568 juris
1040 497 1149 568 privali
1178 497 1241 556 tale

149 636 160 663 r
182 617 251 674 661·
266 617 322 686 Qui
346 615 492 688 injuriam
508 616 601 689 facit,
625 629 657 674 re
670 615 834 675 utilitatem
856 615 909 672 ant
927 614 1115 686 voluptatem
1137 615 1242 688 capit,

148 754 159 780 u
181 735 318 807 exemplo
333 734 514 807 periculum.
531 734 626 792 ceteri
640 733 781 792 utilitatis
796 735 848 793 aut
863 732 1029 805 voluptatis
1045 732 1128 790 illius
1147 733 1244 804 parti·

148 875 158 902 o
180 854 263 926 cipes
279 868 344 913 non
360 857 446 927 sunt,
467 854 522 912 sed
535 854 709 927 exemplum
725 853 765 911 ad
783 866 815 910 se
832 852 984 925 pertinere
998 854 1118 924 putant.
1134 853 1245 924 ltaque

148 992 159 1018 o
181 970 270 1030 facile
291 975 402 1031 coeunt
423 972 456 1029 in
471 985 659 1031 consensum
673 973 707 1030 ut
727 973 870 1031 caveatur
884 968 944 1027 sibi
958 982 1014 1041 per
1027 969 1109 1039 leges
1124 982 1164 1026 ne
1189 969 1240 1026 in-

148 1089 267 1161 «jnriae
280 1104 336 1162 per
354 1091 435 1149 vices
458 1091 497 1149 ad
517 1092 656 1162 singulos
677 1091 804 1149 redeant
829 1089 884 1162 (l).
903 1111 914 1138 u
935 1088 1102 1147 Utilitatem
1126 1087 1243 1145 mnda-

145 1209 283 1267 mentum
299 1223 365 1268 esse
377 1211 455 1283 juris
470 1211 599 1284 privati,
621 1212 650 1269 et
666 1211 814 1283 quoniam
831 1210 864 1267 id
884 1208 936 1264 sub
959 1207 1055 1265 tutela
1070 1209 1158 1279 jnris
1177 1221 1241 1278 pu-

145 1326 214 1384 blici
228 1327 303 1385 tutet
322 1327 381 1400 (2),
397 1329 513 1401 publici
533 1343 654 1403 qnoque
668 1328 827 1387 contendit
841 1329 946 1386 noster
962 1347 969 1384 ε
991 1325 1151 1398 angustior
1165 1339 1241 1385 vero

146 1446 258 1504 6611116
274 1447 444 1505 sententia:
471 1447 552 1506 banc
568 1449 651 1505 enim
667 1448 766 1506 solam
777 1448 855 1519 juris
870 1449 988 1519 partem
1002 1445 1124 1504 videtur
1137 1445 1241 1502 inclu-

146 1561 217 1620 dere
233 1577 300 1636 quae
315 1565 355 1623 ad
370 1579 479 1638 poenas
493 1566 611 1625 attinet.
628 1567 704 1625 Malo
718 1567 800 1625 hanc
815 1565 926 1623 aliam:
952 1585 963 1612 «ι
985 1560 1069 1619 Finis
1084 1563 1114 1619 et
1124 1575 1242 1633 scopus

150 1702 160 1729 o
182 1695 273 1753 quem
287 1683 368 1755 leges
384 1685 496 1743 intueri
511 1686 601 1757 atque
616 1685 655 1742 ad
666 1697 757 1757 quem
770 1683 926 1756 jussiones
936 1684 966 1739 et
981 1679 1155 1739 sanctiones
1167 1692 1242 1739 suas

150 1816 161 1844 n
183 1796 312 1869 dirigere
327 1800 453 1874 debent,
470 1814 535 1859 non
550 1801 629 1859 alius
644 1802 690 1858 est
700 1803 837 1872 quamut
847 1799 928 1858 cives
943 1798 1071 1857 feliciter
1086 1796 1210 1867 degant.
1226 1818 1240 1851 6
1301 1805 1304 1808 ’

148 1916 262 1983 Quibus
279 1918 370 1976 rebus
384 1921 577 1990 comparetur
591 1918 720 1977 felicitas
734 1919 898 1977 docemur:
922 1939 934 1968 «
952 1918 985 1975 ld
1000 1917 1066 1986 1161,
1087 1917 1113 1974 61
1128 1917 1244 1990 pietate

152 2055 163 2084 o
184 2037 213 2093 et
228 2036 375 2108 religione
391 2038 471 2095 reete
492 2037 643 2110 instituti,
667 2037 805 2096 moribus
819 2036 959 2109 honesti,
984 2035 1078 2094 armis
1093 2035 1244 2095 adversus

151 2156 324 2215 «externos
348 2157 452 2215 hostes
480 2157 551 2230 tuti,
579 2157 681 2228 legum
710 2155 824 2214 auxilio
850 2156 997 2214 adversus
1020 2154 1187 2212 seditiones
1214 2155 1244 2211 et

151 2297 163 2325 o
184 2277 318 2350 privatas
328 2277 457 2350 injurias
470 2277 593 2351 muniti,
605 2277 734 2349 imperio
749 2277 778 2333 et
788 2274 1017 2346 magistratibus
1028 2274 1243 2347 obsequentes,

153 2419 164 2446 o
185 2397 281 2468 copiis
296 2399 326 2454 et
340 2397 450 2469 opibus
467 2398 633 2470 locupletes
656 2400 685 2454 61
704 2397 848 2455 florentes
863 2395 986 2454 fuerint.
1010 2399 1123 2453 llarum
1138 2397 1244 2452 autem

152 2535 164 2566 ιι
186 2527 288 2572 rerum
303 2514 508 2574 instrumenta
523 2517 552 2574 61
567 2517 652 2574 nervi
667 2518 740 2573 sunt
754 2514 835 2585 leges
851 2515 903 2587 (3).
918 2540 931 2568 a
948 2516 991 2574 Sit
1004 2515 1113 2587 igitur,
1132 2527 1243 2572 secun-

152 2633 226 2691 dum
244 2636 408 2708 Baconum,
425 2631 496 2690 linis
511 2634 613 2704 legum
627 2632 744 2692 utilitas
758 2633 904 2692 bumana.

185 2758 251 2812 tam
266 2753 344 2812 nulli
358 2752 520 2823 ambigitur
533 2753 616 2810 adid
630 2753 772 2811 homines
782 2755 871 2812 natos
885 2765 952 2810 esse
966 2754 1000 2810 ut
1015 2752 1048 2809 in
1064 2751 1242 2810 societatem

153 2875 288 2934 coirent:
302 2893 314 2921 ⁸
331 2883 430 2944 Φανερὸν
442 2879 478 2930 ὅτι
491 2886 538 2928 τῶν
552 2878 618 2946 φύσει
630 2885 644 2937 ἡ
656 2881 723 2937 πόλις
736 2880 795 2942 ἐστὶ,
809 2883 847 2928 καὶ
859 2879 1032 2943 ausonam
1044 2877 1110 2941 φύσει
1121 2877 1241 2927 πολιτικὸν

157 3018 167 3045 a
187 3008 255 3062 anot.
274 2995 316 3069 (ll
338 3018 349 3047 o
370 2998 429 3054 Nec
439 2995 549 3054 fabulae
565 2996 630 3052 istae
641 2995 745 3066 vigent
755 2995 793 3052 de
806 2994 984 3054 conditione
998 2991 1161 3051 hominum
1171 3005 1239 3062 qnae

152 3119 244 3177 fuerit
264 3119 330 3177 ante
350 3117 524 3177 societatem
539 3117 666 3188 initam,
692 3117 744 3174 aut
758 3116 841 3173 extra
856 3114 996 3173 eamdem
1011 3126 1077 3171 esse
1093 3113 1237 3185 potuerit.

153 3239 292 3297 ludolem
306 3239 387 3296 hano
406 3238 584 3296 bominibus
599 3236 691 3295 abeo
705 3236 807 3293 datam
823 3248 888 3292 esse
903 3246 963 3307 quo
978 3233 1118 3306 facilins,
1134 3234 1241 3290 mutua

155 3357 368 3416 adhortatione
385 3356 495 3428 adjuti,
516 3357 623 3414 mutuo
639 3354 775 3427 exemplo
790 3354 961 3426 informati,
978 3354 1120 3414 virtutem
1135 3354 1164 3409 61
1184 3352 1242 3409 sibi

154 3477 362 3547 proponerent
369 3477 398 3533 61
409 3476 651 3547 assequerentur,
663 3486 792 3545 vereque
802 3473 917 3532 similes
923 3472 982 3545 ipsi
993 3471 1113 3530 numini
1124 3470 1242 3542 fierent,

153 3597 220 3668 jure
244 3596 351 3668 aliquis
367 3595 540 3655 contendat.
560 3597 699 3654 Attamen
719 3595 827 3655 illusit
851 3607 939 3654 mens
955 3594 1026 3651 bei:
1051 3607 1115 3653 non
1142 3605 1176 3649 ea
1197 3593 1243 3647 661

189 3987 219 4048 tlt
241 3985 278 4037 lb.
296 3999 326 4037 u.

193 4077 222 4141 tt)
241 4075 279 4127 lb.
296 4088 337 4127 ur.

193 4168 223 4229 (3)
243 4166 282 4218 lb.
297 4180 323 4218 v.

194 4259 224 4321 (tl
243 4259 279 4313 bo
292 4260 353 4323 ltop.
371 4257 415 4310 tib.
432 4272 453 4322 1,
470 4271 525 4323 rap.
541 4273 560 4315 1,
580 4261 603 4310 ⁸2.
665 4277 670 4283 ·
