2782 4868
614 344 782 405 ...59-

149 495 225 553 tiam
241 492 431 565 argumentis
447 492 556 552 fulcire
578 505 703 552 necesse
717 492 819 553 visum
833 495 888 552 est.
912 494 958 562 bil
975 494 1089 555 mirum
1106 514 1113 552 z
1130 495 1244 555 etenim

148 612 302 685 quantum
319 611 390 670 usui
409 611 513 669 locum
535 610 654 670 dederit
668 611 754 670 omni
778 611 812 669 in
836 611 1035 686 philosophia
1055 613 1244 675 verulamius

148 732 286 807 constat3
303 735 419 805 quanto
434 732 583 805 majorem
597 732 656 791 ista
670 732 703 791 in
713 734 816 806 parte,
829 745 897 805 quae
913 733 982 792 vitae
996 732 1159 792 hominum
1169 733 1242 795 mis·

146 853 263 924 ceatur,
279 851 343 910 tote
357 850 391 908 in
410 851 474 911 rita
489 851 544 909 sit!
567 875 579 902 e
595 851 680 909 Artes
695 850 817 923 imperii
832 851 890 910 tria
908 849 1028 925 cilicia,
1048 852 1083 910 ut
1103 850 1162 925 ait,
1179 863 1242 910 arn-

150 993 163 1022 e
185 971 361 1044 plectuntur
379 990 386 1028 ι
403 972 522 1045 primo,
544 971 579 1030 ut
600 971 765 1043 imperium
792 972 1000 1044 conservetur,
1027 971 1185 1044 secundo,
1210 975 1245 1029 ut

150 1111 162 1139 o
183 1089 309 1148 beatum
330 1088 481 1149 efficiatur
501 1091 531 1148 et
550 1090 682 1163 florens,
704 1090 807 1164 tertio,
828 1093 863 1148 ut
882 1088 1087 1162 amplificetur
1106 1089 1244 1163 mosque

150 1210 253 1283 «eius
274 1208 397 1280 longius
410 1208 672 1283 proferanturill.
694 1231 705 1261 r
729 1208 777 1268 Nil
801 1209 863 1267 nisi
886 1211 966 1267 artes
983 1209 1123 1285 imperii,
1146 1211 1242 1282 quod-

148 1340 283 1400 cumque
296 1326 367 1384 usui
377 1328 424 1384 est
437 1325 580 1385 doctrina
590 1326 673 1386 civili
684 1327 906 1400 comprehendi
921 1327 1073 1386 existimat
1089 1330 1245 1387 :veterum

147 1447 289 1520 exempla
307 1448 451 1518 congesta
464 1447 548 1517 vult,
569 1447 652 1506 unde
668 1447 742 1520 quid
757 1447 849 1521 utile,
866 1447 941 1521 quid
958 1448 1067 1507 inutile
1082 1448 1121 1506 sit
1139 1439 1242 1508 oiiita·

149 1566 232 1626 tibus
253 1565 342 1625 facile
365 1565 520 1640 appareat.
538 1566 624 1636 Quod
642 1565 735 1636 igitur
757 1567 828 1624 ante
851 1567 957 1625 oculos
975 1567 1081 1642 habet,
1097 1569 1243 1640 tanquam

146 1699 208 1745 usu
221 1685 470 1759 comprobatum,
483 1699 540 1759 pro
559 1684 676 1759 optimo
692 1685 813 1758 accipit.
828 1686 918 1744 Nulla
935 1687 980 1744 est
1003 1686 1064 1745 alio
1084 1699 1176 1748 causa
1189 1700 1244 1744 our

148 1806 297 1866 divinitus
321 1819 387 1867 esse
414 1806 580 1865 constituta
599 1818 693 1877 regna
713 1804 902 1864 contendat:
921 1805 1004 1878 quod
1028 1808 1058 1864 et
1079 1805 1242 1879 aliquoties

148 1911 326 1989 molossum
337 1927 403 1986 erat
416 1927 655 1986 parliamentum
669 1926 700 1985 et
718 1926 771 1999 qui
787 1927 861 1986 tunc
875 1926 1000 1985 fuerunt
1014 1926 1177 1999 scriptores
1192 1926 1242 1986 de-

149 2048 266 2108 clarare
281 2047 364 2108 soliti
377 2050 474 2106 erant.
490 2050 551 2105 lton
570 2047 636 2121 ipse
656 2045 785 2106 lacobus
802 2060 868 2105 sese
888 2047 940 2104 liei
955 2046 1021 2106 vice
1044 2045 1198 2120 (indigne,
1209 2049 1244 2105 ut

148 2169 232 2242 reor)
246 2168 281 2227 in
295 2169 376 2227 terra
391 2181 520 2240 regnare
535 2167 707 2241 asserebat,
724 2166 807 2241 quod
831 2167 864 2224 in
882 2167 984 2226 scotia
1005 2179 1140 2241 quoque,
1164 2166 1244 2224 iuter

147 2291 195 2348 tot
214 2287 426 2360 diiiicidtates,
443 2287 597 2347 affirmare
614 2302 682 2348 non
699 2287 890 2353 dubitaverat
907 2287 964 2363 (b),
981 2288 1078 2347 multo
1093 2286 1191 2357 magis
1206 2286 1240 2344 in

148 2407 322 2478 Britannia,
339 2408 426 2469 nullo
442 2408 688 2479 contradicente,
711 2421 872 2480 nunquam
892 2422 958 2467 non
981 2408 1106 2480 paratus
1130 2407 1195 2465 erat
1207 2404 1241 2463 in

149 2526 252 2586 medio
265 2539 380 2600 ponere
395 2525 448 2599 (3).

184 2647 216 2709 si
231 2647 306 2720 quid
323 2646 472 2707 humilius
487 2647 534 2707 est
547 2647 586 2722 de
602 2647 806 2712 parliamento
820 2648 960 2722 locutus,
981 2648 1013 2706 id
1028 2661 1150 2721 quoque
1164 2660 1240 2712 con-¹

142 2765 321 2829 vsolitudinis
331 2769 393 2841 est,
409 2766 459 2826 cui
468 2766 559 2827 inviti
573 2780 680 2841 parere
694 2768 795 2831 solent
807 2768 964 2846 homines,
981 2770 1011 2828 et
1024 2767 1090 2841 ipse
1103 2772 1240 2826 baconus

148 2886 182 2945 in
196 2899 298 2950 rorum
313 2885 507 2960 publicarum
522 2887 789 2948 administratione
805 2889 978 2962 parendum
992 2888 1120 2948 censuit.
1138 2890 1237 2958 ituan-
1328 2943 1330 2945 ,

149 3018 244 3078 wem
270 3007 372 3081 enim,
397 3007 509 3069 Jacobo
532 3009 701 3081 regnante,
724 3011 859 3083 ooeptum
883 3011 930 3068 est
954 3009 1052 3081 magis
1077 3009 1176 3069 valere
1204 3007 1238 3067 in

147 3137 243 3196 regno
257 3125 508 3200 parliamentum,
521 3126 722 3201 jampridem,
734 3130 865 3201 utroque
876 3128 1005 3188 Henrioo
1022 3130 1051 3187 et
1065 3127 1238 3187 lllizabetha

149 3245 347 3315 regnantibus
363 3244 422 3321 (a),
444 3260 500 3319 pro
522 3247 621 3306 nihilo
646 3246 786 3307 habitum
807 3249 872 3308 erat
888 3267 894 3306 :
912 3249 977 3307 tum
1002 3247 1120 3323 evenit,
1145 3248 1236 3308 rebus

178 3678 213 3750 ¹tlt
231 3663 348 3741 being.
365 3689 406 3731 sc.
424 3677 474 3730 lib.
491 3689 598 3745 v111,o.,
615 3680 641 3730 3.

184 3767 215 3830 (2)
231 3772 350 3822 Βασιλικὸν
364 3771 446 3836 δῶρον.
698 3752 700 3755 ¹

184 3857 215 3920 tt)
231 3857 322 3935 testes
334 3859 398 3910 sunt
410 3859 471 3923 ejus
483 3860 510 3910 et
519 3857 664 3911 conciones
678 3858 705 3910 et
719 3855 853 3922 epistolae.

161 3938 164 3942 “
184 3949 214 4011 (it
235 3947 345 4002 Bacon's
363 3948 555 4015 apophtegms,
570 3951 639 4001 250:
660 3969 669 3995 e
690 3950 722 4004 ll*
741 3948 871 4016 lopham,
890 3947 964 4002 whin
982 3947 1017 4000 he
1034 3959 1088 4001 was
1108 3947 1232 4014 speaker,

151 4052 163 4084 r
184 4038 237 4091 and
249 4037 294 4091 the
305 4037 392 4092 house
403 4037 432 4092 ol
443 4050 581 4091 commone
595 4037 648 4091 hod
667 4041 708 4091 sat
722 4038 800 4104 long,
820 4038 873 4090 and
890 4037 960 4090 done
975 4037 1003 4090 in
1014 4037 1092 4090 edect
1102 4036 1232 4102 nothing,

152 4147 163 4173 «ι
184 4127 291 4193 coming
308 4141 360 4182 one
377 4128 430 4196 dap
448 4130 475 4182 to
492 4142 581 4196 queen
594 4129 743 4202 lllizabveth
760 4129 808 4183 she
821 4128 879 4181 said
892 4134 918 4180 to
930 4128 1006 4180 him:
1022 4129 1094 4192 Note,
1108 4129 1141 4182 llr
1154 4129 1234 4194 spea-

152 4233 162 4262 ι
183 4216 241 4281 ker,
260 4217 332 4271 what
348 4218 399 4272 has
415 4218 514 4284 passed
531 4220 560 4271 in
578 4218 623 4272 the
643 4219 792 4273 commons'
811 4218 915 4273 houset
936 4219 972 4274 lle
991 4218 1130 4274 answered
1150 4234 1155 4270 :
1176 4217 1199 4270 li
1213 4218 1234 4270 it

151 4321 163 4352 ι
184 4305 274 4370 please
286 4320 355 4372 prout
368 4307 488 4374 Maiesty,
506 4319 588 4362 sorau
600 4306 702 4361 urceis.
719 4327 728 4354 r
