2782 4868
605 336 772 397 ..40-

148 495 321 555 «annno
350 492 465 551 scilicet
503 490 673 551 evolvenda
701 493 731 547 et
763 487 948 562 pensitanda
987 491 1158 561 nunquam
1191 491 1243 551 lex

150 612 310 685 uferatur3
338 610 392 669 sed
418 608 532 681 optime
556 607 694 680 procedit
714 619 769 679 per
793 605 852 664 hoc
881 605 984 676 legum
1009 605 1184 667 concordia
1208 607 1243 664 in

142 756 161 799 ⁴s
182 734 319 792 futurum
338 729 393 804 (l).
420 753 431 781 o

184 884 215 893 -
235 873 247 902 a
264 848 571 921 Quodsilegesalie
587 848 770 921 superabas
787 846 987 906 accumulata
1008 845 1042 905 in
1063 846 1129 905 tam
1149 850 1241 908 vesta

149 994 161 1022 ι
183 971 372 1031 excreverint
385 971 559 1043 volumina,
574 973 627 1029 aut
647 971 734 1028 lanta
754 967 937 1028 confusione
954 965 1186 1041 laboraverint,
1205 971 1241 1026 ut

150 1111 162 1138 r
182 1103 234 1147 eas
250 1090 288 1148 rie
303 1090 423 1161 integro
437 1090 601 1148 retractare
616 1089 647 1146 et
663 1087 697 1146 in
719 1099 831 1160 corpus
850 1099 962 1145 sanum
981 1087 1013 1143 et
1032 1085 1135 1144 habile
1156 1085 1238 1144 redi·

150 1227 162 1256 r
183 1220 253 1278 gere
272 1221 308 1265 cx
326 1220 385 1265 usu
405 1208 460 1279 sit,
479 1207 513 1266 iu
533 1209 604 1264 ante
624 1206 730 1266 omnia
749 1205 849 1278 agito,
871 1205 962 1278 atquc
982 1217 1062 1276 opus
1082 1203 1239 1277 ejusmoni

151 1349 162 1377 c
184 1341 262 1401 opus
277 1329 435 1387 heroicum
452 1329 534 1401 esto;
551 1329 642 1400 atque
658 1328 797 1386 auctores
813 1326 883 1387 talis
898 1325 1000 1398 operis
1019 1325 1101 1384 inter
1114 1325 1239 1396 legisla-

150 1468 163 1496 «
185 1449 266 1505 tores
282 1449 311 1506 et
326 1448 547 1507 instauratores
561 1446 618 1505 rite
633 1447 663 1505 et
675 1446 786 1505 merito
803 1445 1023 1505 enumerantor
1036 1443 1090 1518 (i).
1109 1417 1131 1494 r

182 1564 223 1622 lle
246 1566 328 1619 cons
346 1565 476 1635 Dtpestis
502 1562 601 1637 iopam
619 1563 667 1622 bis
694 1563 834 1623 tractavit
860 1568 1018 1637 Bonosus,
1036 1562 1071 1620 in
1093 1561 1175 1621 libro
1201 1562 1240 1620 cle

144 1683 290 1741 Fontibus
300 1683 379 1755 juris
395 1686 424 1742 et
437 1684 471 1742 in
484 1684 614 1756 epistola
629 1684 668 1742 ab
685 1696 786 1754 regem
800 1683 947 1742 iacobum
962 1683 1077 1756 scripta
1092 1681 1150 1756 (3).

182 1807 217 1863 ln
242 1805 349 1862 nostro
373 1804 409 1860 cte
432 1804 575 1860 Fontibus
590 1807 675 1876 juris
695 1803 799 1876 titulo,
815 1804 951 1877 quinque
972 1804 1063 1863 rebus
1082 1803 1240 1875 digestum

148 1939 264 1984 novum
291 1924 409 1983 absolvi
427 1939 517 1997 posse
540 1925 696 1984 declarat:
722 1947 734 1976 o
759 1926 860 1985 Primo
882 1925 1062 1984 omittantur
1080 1924 1241 2001 obsoleta,

151 2066 162 2093 α
184 2057 251 2116 que
264 2043 456 2103 iustinianus
471 2045 613 2118 antiquas
623 2044 743 2104 februas
757 2048 847 2106 vocat
863 2045 1013 2117 (institut.
1029 2046 1239 2121 Prooemium,

149 2183 163 2216 α
183 2164 208 2238 ᾗ.
230 2162 280 2239 3);
303 2164 415 2224 deinde
435 2179 472 2224 ex
496 2167 676 2226 antinomiis
696 2167 884 2241 recipiantur
902 2166 1143 2241 probatissime,
1163 2167 1239 2226 abo-

151 2306 163 2335 c
183 2285 304 2344 leantur
313 2286 489 2361 contrariae3
502 2288 590 2346 tertio
601 2286 872 2362 homoionomiae,
897 2285 961 2346 sive
976 2285 1057 2357 leges
1072 2299 1143 2361 quas
1155 2286 1242 2345 idem

151 2423 165 2452 «
185 2404 299 2461 sonant
319 2405 410 2476 atque
430 2404 476 2461 nil
498 2403 583 2462 aliud
597 2406 677 2462 sunt
701 2417 794 2477 quam
815 2402 993 2461 iterationes
1014 2401 1154 2476 ejusdem
1176 2404 1241 2479 rei,

177 2524 403 2595 expungantur,
426 2525 517 2596 atque
534 2536 598 2581 una
622 2523 774 2595 quaepiam
799 2535 834 2582 ex
860 2523 915 2598 iis,
940 2536 1007 2596 quae
1032 2523 1171 2582 maxime
1192 2526 1242 2583 est

153 2662 164 2690 u
185 2639 332 2714 perfecta,
344 2639 510 2698 retineatur
523 2641 589 2700 vice
603 2640 758 2715 omnium3
775 2643 899 2715 quarto,
915 2641 941 2700 si
956 2655 1024 2715 que
1039 2641 1144 2712 legum
1160 2641 1243 2701 nihil

154 2781 164 2810 υ
185 2760 406 2833 determinent,
429 2760 483 2821 sed
503 2760 688 2834 questiones
708 2763 827 2820 tantum
847 2763 1039 2836 proponant,
1059 2774 1172 2834 easque
1192 2775 1240 2821 re·

152 2903 163 2930 r
184 2882 327 2955 linquant
350 2880 520 2954 indecisae,
544 2881 684 2940 similiter
702 2882 871 2955 facessant3
898 2883 1145 2955 postremoque
1170 2895 1239 2941 ver-

153 3002 268 3059 ubosa
291 3001 492 3061 inveniuntur
513 3002 543 3060 et
566 3002 660 3059 nimis
684 3002 810 3074 prolixe
835 3003 1058 3061 contrahantur
1079 3002 1180 3072 magis
1205 3002 1239 3060 in

153 3124 313 3179 «arctum.
338 3144 348 3171 r
371 3121 400 3180 si
426 3136 493 3195 quae
518 3122 621 3181 autem
643 3122 736 3181 nimis
759 3123 792 3180 in
817 3125 936 3181 arctum
958 3122 1122 3182 contracte
1147 3125 1238 3192 sunt,

151 3254 246 3311 quum
261 3245 399 3299 Beconns
411 3243 592 3302 brevitatem
603 3243 733 3302 nimiam
742 3256 807 3301 non
821 3243 925 3301 minus
939 3256 1005 3301 esse
1019 3242 1129 3301 vitium
1144 3255 1238 3314 quam

150 3361 353 3418 verbositatem
368 3363 552 3439 contendat,
568 3365 629 3422 illae
647 3365 846 3424 extendenda
862 3368 943 3424 suni.

187 3478 347 3546 Quondam
366 3481 520 3552 exemplar
536 3485 656 3540 Bacono
672 3484 733 3556 est;
751 3482 802 3556 jus
822 3487 993 3542 Romanum
1014 3483 1233 3542 lastinianum·

151 3613 224 3671 que,
249 3600 342 3657 veluti
363 3600 489 3668 ducem,
511 3602 656 3674 sequitur.
683 3605 749 3661 Non
773 3603 865 3674 igitur
885 3615 984 3661 unum
1003 3616 1116 3675 corpus
1133 3602 1234 3687 legum

186 4045 216 4103 tlt
237 4045 272 4098 be
284 4045 357 4098 loni.
372 4046 457 4112 juris,
472 4059 519 4100 nin
530 4050 555 4100 et
567 4059 624 4115 sqq.
717 4096 720 4102 .

184 4134 216 4196 ti)
237 4133 275 4186 lb.
287 4148 333 4187 arx
345 4139 371 4187 ct
383 4149 441 4204 sqq.

169 4229 212 4366 fost
232 4228 428 4293 iproposllion
449 4232 575 4298 tonching
595 4233 639 4288 tlrc
651 4231 795 4300 conpilng
812 4235 864 4289 and
876 4234 1045 4290 amondment
1065 4232 1094 4290 oi
1112 4234 1157 4290 ihc
1170 4234 1232 4289 laon

151 4328 166 4367 o
189 4316 314 4382 England.
1069 4320 1071 4327 ’
