2782 4868
602 427 642 441 ·-
668 397 725 459 181
750 422 797 459 -.

147 551 204 610 sed
216 553 246 609 et
261 550 441 609 illustratur.
456 551 514 607 Nec
529 549 603 608 satis
613 595 620 623 ,
630 552 663 609 ut
674 545 1001 623 quiliusdamjvidetur¹
1018 548 1043 604 si
1059 547 1136 607 forte
1151 549 1183 607 in
1195 551 1235 608 le·

148 686 220 744 gem
235 671 352 744 aliquid
367 687 402 730 ex
418 672 511 731 ueteri
525 672 790 744 jure-translatum
806 671 861 744 sit,
878 670 969 743 hujus
987 671 1176 730 mentionem
1193 672 1237 730 fa·

151 803 235 861 oere3
257 787 436 861 priusquam
451 790 490 848 ad
505 789 603 860 legem
621 790 721 862 ipsam
734 791 861 848 ventum
884 789 940 862 sit,
953 790 1179 863 exponendum
1194 793 1239 848 est

149 906 228 980 quid
249 907 289 964 de
303 908 430 966 materia
456 909 526 966 ante
546 907 632 966 illam
648 907 824 966 obtinuerit.
851 910 917 979 Nop
937 908 1029 979 caput
1048 907 1153 980 capiti,
1170 920 1234 965 non
1278 911 1279 916 ’

150 1023 244 1080 verba
259 1023 360 1080 verbis
375 1023 456 1081 inter
472 1037 503 1081 se
527 1022 735 1095 comparanda
756 1023 843 1095 sunt,
864 1023 917 1080 sed
936 1022 984 1080 leu
999 1036 1069 1081 cum
1086 1023 1151 1093 lege
1166 1036 1239 1081 oon-

151 1140 289 1198 ferenda
305 1139 380 1199 Inde
396 1143 425 1198 et
440 1142 538 1212 legem
549 1142 650 1214 ipsam
665 1154 729 1200 non
744 1141 839 1223 modo
854 1141 987 1215 tenebis,
1005 1141 1059 1200 sed
1073 1141 1239 1214 intelliges,

150 1261 286 1333 quidque
296 1261 328 1319 in
339 1261 397 1319 hec
408 1263 459 1319 aut
470 1262 569 1320 simile
580 1263 633 1320 aut
644 1262 831 1330 contrarium
843 1261 883 1319 sit
893 1261 1056 1334 veteriJuri
1064 1263 1239 1334 perspicies.
1324 1301 1326 1304 ι

188 1380 342 1454 Secunda,
362 1370 589 1454 tertia'quarta
605 1383 635 1437 et
648 1380 755 1452 quinta
775 1393 846 1451 pars
862 1379 943 1437 eirca
957 1380 1063 1437 statuti
1077 1381 1240 1452 expositio-

152 1514 225 1558 nem
240 1502 411 1560 versantur.
426 1503 492 1559 Non
509 1501 592 1559 enim
607 1503 655 1558 cst
667 1500 766 1571 legem
779 1513 947 1574 exponere,
964 1501 1046 1558 intra
1060 1498 1142 1559 illius
1155 1501 1242 1574 jussa

151 1625 297 1694 anquam
305 1621 433 1680 includi.
450 1626 578 1694 insuper
588 1622 640 1695 qui
653 1620 706 1680 illa
715 1620 962 1691 sanxeritlegum
972 1621 1052 1685 lator
1061 1621 1240 1695 videndum,

74 1779 88 1802 r
150 1740 270 1798 sanctio
287 1745 388 1799 autem
409 1754 506 1813 quum
528 1753 654 1814 pannas,
676 1742 741 1798 tom
757 1738 907 1812 quidquid
931 1739 971 1798 ad
996 1737 1241 1798 confirmandam

150 1859 250 1929 legem
266 1858 364 1917 tendit
382 1859 524 1931 amplecti
537 1859 668 1918 uidetur.
684 1861 726 1916 Ex
741 1861 806 1917 toto
826 1859 928 1930 legum
953 1870 1080 1930 corpore
1104 1871 1240 1929 quaren-

150 1979 226 2037 dum
243 1981 394 2054 numquid
417 1981 457 2041 ad
474 1981 642 2054 suojcctam
657 1981 817 2041 materiam
836 1981 978 2054 attineat3
996 1980 1132 2053 tandem,
1148 1995 1242 2061 quum

152 2101 239 2159 nulla
253 2099 293 2158 sit
309 2100 359 2159 lex
379 2114 446 2174 quae
469 2116 534 2160 non
553 2103 753 2161 incommoda
774 2101 915 2174 quaedam
939 2101 1053 2174 pariat,
1080 2114 1189 2158 annon,
1207 2115 1241 2158 er

151 2221 260 2279 eadem
273 2221 357 2279 unde
371 2222 577 2281 incommodis
592 2223 726 2280 remedia
736 2222 842 2295 parari
857 2222 985 2294 possint.

185 2345 246 2399 Nee
260 2341 335 2401 satis
360 2362 366 2399 z
392 2357 429 2401 ea
447 2345 492 2401 est
514 2344 720 2403 humanarum
744 2343 846 2414 legum
869 2342 1005 2401 conditio
1025 2346 1060 2400 ut
1083 2340 1242 2414 nunquam

152 2459 297 2518 omnibus
311 2456 433 2532 punctis
448 2461 588 2533 perfecta
605 2474 671 2531 esse
686 2458 859 2534 videantur,
877 2459 931 2518 sed
947 2474 1066 2532 semper
1077 2460 1109 2518 in
1124 2459 1174 2517 his
1188 2460 1242 2517 ati-

151 2580 227 2651 quid
251 2581 325 2639 insit
347 2579 429 2654 quod
442 2582 484 2638 sit
507 2582 724 2654 corrigendum
745 2584 797 2641 aut
814 2582 1004 2656 tollendum,
1025 2582 1142 2654 aliquid
1165 2581 1244 2639 desit

152 2701 236 2772 cuod
250 2701 477 2776 supplendum,
494 2702 568 2776 quiid
590 2703 700 2775 plura?
718 2705 753 2760 ut
770 2702 812 2760 ad
834 2701 993 2760 meliorem
1008 2701 1122 2760 statum
1138 2700 1243 2759 reduci

151 2820 275 2889 queant.
291 2821 357 2876 Non
372 2818 447 2878 boni
463 2820 659 2892 precentoris
676 2824 722 2878 est
738 2820 840 2890 legum
855 2822 1068 2891 contemptum
1084 2818 1242 2892 discipulis

150 2934 216 2992 suis
231 2934 370 3006 injicere,
388 2937 450 2995 imo
467 2950 517 2995 eas
533 2937 598 3009 ipse
613 2938 764 3011 venerari,
780 2939 887 2995 ceteris
902 2937 1094 2997 venerandas
1110 2937 1243 3010 praebere

152 3051 255 3126 debet,
272 3068 308 3112 ea
323 3059 424 3114 tamen
444 3057 623 3116 conditione
638 3071 676 3115 ne
697 3061 751 3115 aut
766 3058 883 3130 injusta
904 3058 1069 3117 laudentur
1084 3060 1137 3116 aut
1150 3059 1241 3115 inuti·

152 3173 194 3231 lia
208 3177 471 3238 commendentur.
484 3181 596 3237 Omnes
613 3179 738 3252 quidem
757 3180 948 3239 educationi-s
963 3181 1064 3251 partes
1087 3179 1126 3237 ad
1144 3179 1240 3238 infor-

151 3294 298 3353 mandam
327 3296 478 3357 rationem
503 3298 652 3357 tendunt:
678 3313 742 3358 non
764 3300 833 3371 jus,
856 3312 893 3356 ex
917 3298 1036 3356 ratione
1060 3297 1241 3370 profectum,

152 3417 341 3475 contrarium
366 3419 477 3479 rationi
502 3422 569 3479 esse
597 3422 706 3493 potest.
733 3425 872 3479 Baoonus
896 3423 997 3478 autem
1017 3434 1077 3492 qua
1098 3419 1136 3478 de
1152 3433 1243 3478 causa

153 3539 270 3607 partem
280 3537 371 3596 istam
384 3540 521 3599 omiserit
537 3542 610 3601 nolo
627 3555 781 3616 quaereres
793 3555 857 3600 non
869 3541 995 3599 difficile
1010 3545 1057 3598 est
1073 3541 1240 3610 suspicari:

152 3657 314 3729 perpaucis
337 3661 435 3732 enim,
460 3664 606 3732 regnante
631 3663 821 3732 macbetha,
846 3663 884 3720 de
903 3662 1021 3733 legibus
1036 3659 1193 3718 mutandis
1207 3659 1241 3715 li-

152 3775 215 3831 cuit
232 3775 400 3835 disserere:
418 3779 679 3840 animadvertatur
694 3782 797 3840 tamen
818 3788 850 3840 in
878 3783 962 3840 sexta
985 3782 1069 3854 parte
1092 3781 1128 3837 de
1149 3780 1242 3838 corri-
1361 3817 1363 3821 2

152 3896 260 3963 gendis
277 3897 358 3955 uitiis
374 3901 494 3960 Baocuo
510 3898 724 3957 disserendum
741 3900 834 3958 fuisse
852 3899 860 3969 t
884 3898 904 3971 t.

187 4274 218 4336 ll)
237 4275 267 4326 Μ.
285 4273 382 4340 Oudot,
397 4275 447 4330 doe.
462 4277 527 4343 eit„
548 4292 574 4345 p.
597 4281 653 4332 tto.
673 4309 705 4316 -
725 4300 736 4326 o
759 4280 840 4333 Tuule
861 4280 1014 4334 institution
1036 4279 1162 4332 homnine
1182 4279 1240 4334 doit

153 4382 164 4409 «
184 4364 241 4418 etro
258 4365 459 4434 presenteepar
478 4370 503 4424 le
519 4370 674 4437 proiesseur
691 4385 742 4427 auu
764 4371 855 4426 eleros
878 4388 883 4422 ι
910 4375 932 4425 t.
954 4371 1021 4426 dans
1042 4384 1091 4426 sou
1111 4372 1241 4436 histoire,

1079 4466 1112 4520 l‘t
