2782 4868
649 368 818 430 ...12-

194 517 288 577 Tullio
297 530 416 591 quoque
424 521 563 591 mens,ut
577 519 641 592 ipse
653 523 778 580 testatur
789 521 831 597 (t)
848 537 855 575 ι
876 542 886 571 u
901 523 929 581 Si
940 523 1023 580 euim
1034 523 1086 580 aut
1096 522 1172 582 milri
1183 526 1289 585 facere

196 659 208 684 ι
227 637 355 711 licuerit,
367 639 696 715 qucdjamdiuccgito,
707 643 790 715 apud
799 656 868 701 eum
884 644 1188 716 inquitcrassusaut
1203 648 1289 706 alius

198 779 208 807 ιι
229 757 395 831 quispiam,
411 762 480 832 aut,
496 774 545 819 me
555 760 717 834 impedite,
733 764 905 837 occuparit,
922 765 974 822 aut
989 766 1110 824 mortue
1130 764 1287 838 effecerit,

197 900 208 927 «ι
228 880 263 935 ut
276 879 410 950 primum
433 891 524 936 omne
541 879 592 950 jus
608 880 696 938 civile
710 881 743 939 in
759 894 871 952 genera
891 882 1020 954 digerat,
1041 896 1108 954 quae
1130 896 1288 955 perpauca

198 1019 208 1046 u
229 996 546 1068 sunt3deindeecmm
563 1000 709 1068 generum
720 1000 808 1072 quasi
816 1001 957 1073 quadam
965 1000 1103 1060 membra
1113 1002 1285 1074 dispertiae

197 1139 208 1164 «ι
230 1121 294 1175 tum
313 1117 469 1189 propriam
494 1120 640 1191 cujusque
655 1120 719 1178 vim
740 1119 920 1179 definitione
945 1121 1095 1192 declaret3
1118 1121 1286 1193 perfectam

197 1257 209 1284 «ι
229 1236 325 1294 artem
336 1235 416 1308 juris
431 1236 528 1295 civilis
542 1237 707 1308 hahebitis,
723 1240 822 1311 magis
845 1253 991 1311 magnam
1016 1242 1106 1312 atque
1133 1240 1285 1313 uberem,

198 1376 209 1403 α
230 1368 322 1426 quam
337 1354 494 1415 difficilem
509 1359 599 1430 atque
613 1357 785 1418 obscuram.
803 1380 816 1404 »
835 1361 973 1432 seipsum
988 1373 1007 1419 a
1025 1363 1132 1419 Crasse
1153 1359 1286 1417 indicari

195 1474 268 1533 facit
282 1475 406 1547 Tullius,
423 1476 475 1548 qui
490 1489 545 1548 pm
556 1488 591 1534 eo
602 1476 868 1536 tantumlaborem
884 1478 1047 1550 suscipiat:
1065 1478 1145 1536 inter
1155 1479 1284 1536 tottam-

196 1607 255 1667 que
271 1595 389 1655 diversa
409 1596 528 1668 studia,
546 1599 590 1654 tut
613 1595 751 1668 publicas
765 1596 960 1668 privatasque
986 1609 1075 1654 cures
1096 1596 1123 1654 ei
1153 1595 1287 1654 defuisse

196 1701 316 1787 tempus
326 1714 435 1774 merito
449 1714 600 1793 desiderat
611 1714 807 1773 doctissimus
822 1714 1097 1786 ornatissimusque
1107 1712 1289 1772 parisiensis

196 1833 349 1892 facultatis
374 1834 507 1892 decanus
532 1833 594 1906 (a),
624 1846 684 1904 quc
700 1834 769 1905 quis
789 1833 899 1892 melius
914 1833 988 1904 quid
1017 1832 1135 1892 efficere
1153 1832 1289 1905 potuerit

197 1955 299 2014 Cicero
314 1956 450 2014 neverit?
463 1958 503 2013 De
518 1969 608 2027 cpere
624 1957 743 2028 autem,
766 1957 849 2029 quod
865 1957 1004 2015 omittere
1020 1959 1143 2015 coactus
1159 1958 1204 2014 est
1218 1957 1287 2030 illc,

197 2039 348 2148 praecepta
371 2078 450 2135 certe
471 2077 539 2135 aliis
563 2076 701 2151 tradidit,
723 2077 767 2135 in·
781 2076 860 2135 libro
882 2082 925 2132 De
946 2075 1112 2148 perariciis
1134 2079 1166 2132 in
1190 2082 1288 2133 artem

199 2189 359 2262 redigendo
370 2191 417 2263 (3),
430 2205 521 2264 quem
534 2191 660 2265 periisse
674 2190 861 2263 jurisperitis
872 2191 1039 2262 lugendum
1055 2195 1109 2249 est.

238 2753 435 2825 Omnisjuris
450 2752 564 2810 scienia
579 2754 693 2825 injure
714 2755 766 2813 aut
784 2752 960 2824 condendo,
977 2754 1029 2810 aut
1046 2749 1289 2823 interpretando,

204 2876 256 2931 aut
271 2873 411 2931 docendo
428 2873 528 2945 posita
542 2875 587 2930 est
603 2893 609 2929 :
630 2874 663 2931 id
677 2874 780 2932 autem
798 2873 929 2931 condere
944 2871 1120 2945 philesophi
1135 2874 1181 2928 est
1198 2872 1289 2942 atque

203 2993 432 3065 legumlatoris,
462 2993 655 3065 interpretari
680 2993 875 3064 magistratus
895 2997 984 3063 atque
1004 2991 1165 3063 causidici,
1182 2991 1290 3050 docere

206 3115 387 3187 professoris
406 3117 494 3187 atque
510 3115 686 3186 scriptoris:

242 3535 271 3596 tt)
293 3534 328 3586 De
341 3533 447 3584 Oratore
460 3570 464 3590 ,
479 3545 501 3593 r,
519 3534 559 3584 ti.

242 3623 271 3686 tt)
291 3622 382 3674 Omnia
398 3633 479 3687 opera
500 3621 633 3674 ciceronis
655 3621 725 3674 edita
751 3634 766 3672 a
786 3618 811 3671 J.
840 3619 866 3672 V.
889 3617 921 3671 Le
943 3617 1030 3681 Gterc,
1060 3619 1133 3669 1825.
1157 3615 1184 3666 T.
1208 3625 1288 3665 xxix.

207 3714 306 3768 introd.
320 3728 345 3780 p.
363 3717 404 3768 it.

240 3807 272 3871 (3)
293 3806 404 3859 ld-ibid
419 3823 424 3858 ε
442 3825 451 3852 ⁴«
469 3806 513 3859 S'ii
523 3820 557 3859 uc
568 3808 615 3872 put
629 3804 755 3858 executer
770 3817 799 3856 ce
811 3802 887 3870 plan,
899 3816 967 3856 nous
984 3813 1067 3855 arens
1078 3801 1104 3853 la
1114 3812 1214 3866 preuue
1227 3795 1290 3864 qu’il

210 3916 220 3942 n
240 3894 265 3949 le
274 3877 422 3963 developpa
433 3897 499 3950 dans
514 3909 551 3949 un
563 3908 680 3961 ouvrage
692 3893 865 3961 particulier,
881 3906 970 3946 counu
986 3893 1018 3946 de
1030 3890 1177 3952 Quintilien
1187 3891 1248 3954 tun,
1267 3889 1289 3946 ³]

210 4008 220 4035 u
240 3990 268 4040 et
281 3988 328 4054 qui
340 3990 436 4054 portait
449 4002 480 4043 ce
490 3990 551 4044 titre
566 3988 671 4043 suivant
684 3987 836 4041 inlu-Gella
851 3989 884 4053 ti,
910 3986 962 4053 22).
982 3984 1016 4039 De
1028 3983 1088 4052 jure
1100 3980 1180 4035 civiti
1197 3980 1226 4032 in
1245 3991 1289 4031 ur·

209 4082 259 4131 tem
271 4076 421 4145 redigendo.
