2782 4868
595 375 783 437 —ltt-

181 524 233 585 vix
251 525 493 600 operaepretium
513 527 558 584 cst
577 525 819 586 animadvertere
835 523 918 583 haud
942 522 1017 582 satis
1032 522 1130 582 luisse
1146 520 1237 596 quin·

145 661 203 721 que
214 646 361 717 etviginti
371 646 501 716 regulas.
521 645 599 704 Talis
615 645 693 704 liher
703 643 886 716 totamjuris
902 643 1017 702 molem
1033 643 1238 715 amplectatur

145 776 268 821 necesse
283 765 329 821 est
346 762 392 819 :si
406 775 499 834 quam
518 762 633 834 partem
653 760 808 835 omiseris,
825 759 897 818 inde
913 759 1114 832 consequitur
1132 759 1238 832 utqui

147 883 236 941 illum
255 883 358 954 legant
377 896 441 941 non
461 883 582 955 possint
599 881 678 955 juris
693 893 847 939 summam
862 878 1149 952 comprehenderet
1174 892 1240 937 non

146 1005 248 1062 autem
267 1017 303 1061 eu
322 1002 460 1074 partihus
486 1002 519 1060 id
538 1001 681 1061 discetur.
708 1004 837 1072 Insuper
860 1012 925 1058 non
946 999 1020 1056 satis
1044 995 1238 1056 auctoritatis

147 1116 262 1177 trahent
282 1118 404 1192 regula,
421 1130 488 1190 quc
506 1132 571 1176 non
591 1117 677 1176 omni
695 1131 729 1176 ex
745 1117 814 1190 jure
828 1115 975 1187 excerpta
994 1126 1062 1172 esse
1081 1113 1237 1172 uidentur.

183 1239 245 1294 lloc
268 1236 361 1307 igitur
380 1237 493 1295 Baconi
521 1234 772 1308 exprobrandum
791 1235 874 1293 lihro
890 1234 973 1306 quod
989 1247 1054 1291 non
1073 1245 1168 1291 omne
1184 1231 1235 1303 jus

148 1352 199 1409 illc
219 1353 330 1424 toneat,
346 1352 380 1410 in
398 1351 506 1411 ecdem
518 1354 621 1410 tamen
632 1365 740 1411 omnes
748 1351 827 1424 juris
843 1352 944 1424 partes
959 1353 989 1408 et
1005 1350 1198 1421 attingantur
1210 1353 1238 1407 ct

149 1472 347 1545 misceantur,
365 1471 508 1544 quodque
523 1486 591 1531 raro
610 1473 643 1530 in
661 1474 767 1530 nostro
785 1470 907 1545 accidit,
922 1469 1001 1528 desit
1015 1469 1093 1528 ordo
1107 1468 1243 1528 lucidus.

151 1592 238 1660 Quod
252 1593 279 1650 61
291 1592 343 1651 1116
353 1593 511 1651 memoriae
522 1593 671 1653 auxilinm
687 1592 836 1651 allaturus
851 1592 908 1663 est,
920 1590 1009 1649 aliter
1024 1602 1099 1647 sane
1113 1602 1239 1662 compo·

149 1712 272 1771 nendus
282 1712 340 1771 fuit
352 1732 359 1770 z
369 1713 422 1786 Jus
432 1713 707 1786 puhlicumjusque
719 1712 871 1784 privatum
880 1710 918 1769 de
929 1723 1014 1768 more
1025 1709 1240 1783 discernenda,

150 1833 319 1892 servandus
334 1833 412 1892 ordo
423 1833 560 1906 quidam,
572 1847 633 1906 quo
649 1833 729 1891 nihil
742 1831 849 1891 utilius
859 1831 1082 1904 essepoiestad
1092 1831 1241 1904 adjuvan·

150 1951 225 2008 dam
235 1953 428 2013 memoriam.
441 1952 527 2020 Quod
543 1952 569 2009 si
584 1953 730 2024 praterea
749 1951 866 2023 aliquid
882 1950 1092 2024 philosophici
1112 1950 1243 2010 retinere

151 2065 251 2138 dehet,
267 2065 342 2137 quid
356 2066 461 2125 minus
474 2067 735 2142 philosophicum,
750 2067 853 2140 quida
864 2067 982 2126 ratione
997 2067 1096 2139 magis
1106 2068 1243 2127 alienum

149 2198 241 2256 quam
269 2185 313 2243 tot
332 2186 453 2258 tamque
479 2186 615 2246 diversas
635 2200 683 2245 res
698 2188 826 2246 confuse
846 2186 988 2260 misceri,
1015 2201 1113 2260 quum
1133 2201 1243 2246 omnes

144 2302 223 2372 juris
238 2304 338 2375 partes
358 2303 438 2360 inter
452 2317 484 2361 66
499 2304 670 2363 arctissimo
690 2305 834 2376 vinculo,
859 2318 931 2362 cum
953 2303 1072 2363 ratione
1093 2308 1240 2377 praeterea
1290 2343 1294 2348 -

150 2422 344 2481 sanctissima
359 2424 502 2482 societate
517 2437 664 2482 connexa
675 2436 741 2482 esse
756 2424 942 2483 videantur?

185 2545 271 2600 Nunc
283 2541 443 2614 rideamus
459 2544 534 2616 quid
548 2558 677 2617 quaeque
698 2528 803 2615 regula
818 2545 857 2602 ad
876 2543 1032 2602 memoriae
1057 2544 1237 2618 utilitatem,

151 2660 226 2732 quid
238 2662 277 2719 ad
289 2663 418 2721 rationis
434 2663 632 2735 splendorem
647 2665 762 2722 alferat.

186 2784 274 2840 ttecte
289 2781 413 2855 quidem
429 2782 487 2840 sihi
508 2783 676 2854 gratulatus
697 2784 743 2841 est
766 2786 904 2842 liaconus
924 2784 1007 2856 quod
1028 2784 1151 2857 regulas
1167 2785 1244 2858 juris

151 2903 233 2959 61666
249 2903 279 2960 61
292 2902 452 2975 perspicue
472 2903 671 2976 exposuisset.
701 2903 782 2961 Nihil
803 2903 886 2962 enim
909 2903 1080 2976 simplicius
1102 2903 1139 2962 de
1159 2904 1243 2977 16116,

151 3020 229 3079 nihil
253 3021 385 3081 lucidius
399 3023 492 3081 scrihi
507 3023 615 3095 potuit.
631 3025 693 3081 lloc
706 3037 742 3081 co
757 3023 849 3082 laude
864 3023 1004 3096 dignius,
1026 3024 1110 3096 quod
1126 3024 1168 3082 ad
1187 3038 1244 3084 nos

150 3139 271 3212 attinet,
288 3139 371 3212 quod
383 3139 548 3199 Britannici
562 3139 641 3212 juris
652 3151 825 3198 sermonem
835 3139 994 3198 retinuerit
1006 3159 1013 3197 ε
1024 3141 1078 3213 qui
1093 3142 1244 3214 quantum

152 3261 286 3318 anostro
301 3261 350 3319 vel
363 3264 530 3319 aldemano
541 3261 705 3319 abhorreat
719 3260 899 3319 incredibile
914 3262 967 3318 est.
985 3263 1030 3320 lta
1043 3262 1165 3321 lucidus
1180 3277 1244 3322 esse

152 3380 181 3436 et
194 3379 258 3436 tum
272 3383 395 3438 coactus
410 3384 457 3438 est
471 3383 499 3438 61
511 3381 697 3454 jampridem
713 3382 822 3441 solitus
842 3382 959 3454 luerat,
975 3384 1009 3440 ut
1022 3384 1093 3454 post
1108 3384 1243 3444 ducenos

152 3499 182 3554 61
197 3497 418 3575 quinquaginta
432 3512 548 3572 annos,
566 3499 598 3557 in
618 3500 697 3558 lihro
711 3501 785 3574 isto,
802 3501 834 3558 in
851 3501 904 3560 tali
919 3503 1157 3564 sermonenihil
1175 3504 1244 3563 ohs-

153 3633 260 3679 curum
276 3620 408 3692 reperiat
423 3620 555 3693 aliquis,
571 3622 603 3680 in
616 3610 790 3682 Britannica
803 3623 910 3694 lingua
920 3636 1029 3695 parum
1043 3629 1198 3698 versatus,
1212 3626 1244 3682 in

150 3739 218 3810 jure
233 3741 459 3810 multominus,
476 3741 559 3801 haud
576 3745 651 3802 satis
668 3746 805 3803 Romano
817 3745 989 3817 Gallicoque
1007 3746 1075 3817 jure
1095 3745 1242 3805 imbutus.

189 3861 346 3934 Regulam,
364 3862 397 3919 16
408 3863 505 3934 capite
516 3863 663 3935 positam,
684 3877 749 3921 uno
774 3867 803 3921 et
824 3864 919 3923 altero
934 3866 1074 3937 exemplo
1091 3866 1242 3935 illustrat3

156 3976 265 4034 deinde
291 3979 315 4034 61
347 3980 421 4049 quid
447 3981 661 4053 excipiendum
690 3983 742 4040 aut
770 3981 1040 4055 distinguendum,
1070 3985 1244 4056 exemplum

155 4112 276 4170 quoquc
291 4101 398 4159 addit:
423 4103 506 4174 quod
521 4117 584 4162 non
605 4104 697 4161 mode
720 4103 759 4161 ad
777 4104 1010 4175 intelligendum
1031 4109 1076 4162 cst
1095 4104 1242 4164 efficacis-

156 4219 283 4292 simum,
297 4223 351 4280 sod
365 4224 397 4280 16
409 4238 467 4281 usu
483 4239 603 4297 quoquc
617 4226 816 4284 utilissimum
832 4239 896 4284 6666
912 4227 1019 4298 potest.
1037 4226 1123 4294 Quod
1142 4227 1244 4283 autem

157 4341 257 4396 mente
273 4339 361 4398 tacite
377 4342 511 4412 rapitur,
528 4343 608 4402 idem
625 4344 772 4402 memoria
791 4344 872 4402 haud
889 4356 966 4414 agro
982 4345 1129 4402 servatur.
1145 4345 1240 4413 Regu·
