2782 4868
607 403 774 463 ..47-

147 555 235 630 iubet
249 566 330 627 esse,
344 553 428 626 quod
439 553 543 639 prulto
560 553 681 629 utilius,
697 555 795 614 multo
819 555 931 614 certius
949 569 1015 615 esse
1034 558 1169 632 constat,
1184 569 1235 618 ve·

149 689 221 734 rum
241 675 274 749 in
292 688 357 733 una
377 680 462 754 parte
478 676 565 746 ,leges
584 689 640 748 pro
659 675 729 748 jure
743 676 903 735 communi
916 677 1065 750 receptas,
1088 677 1122 734 in
1142 677 1238 737 altera

149 795 327 868 principum
343 796 456 854 statmo
472 809 611 855 seorsum
626 795 722 867 digeri
737 795 965 869 componique:
988 819 1000 846 ι
1019 797 1054 855 ici
1071 797 1153 869 quod
1166 797 1242 862 seon

153 938 165 967 o
186 915 395 974 Trebonianos
409 916 443 974 in
457 916 577 987 Digesto
597 917 628 974 et
647 915 765 975 codice.
787 937 799 967 ιι
814 920 868 974 ius
882 929 972 990 uero,
988 916 1045 975 etsi
1058 916 1187 977 diversis
1201 931 1238 976 ex

148 1036 289 1100 fontibus
313 1038 415 1102 ortum
437 1036 491 1109 sit,
510 1049 617 1095 nonne
639 1035 722 1094 idom
748 1037 809 1109 est,
828 1047 934 1095 nonne
959 1035 1099 1095 eamdem
1122 1035 1240 1095 obtinet

149 1156 377 1229 auctoritatem,
398 1170 504 1215 nonne
525 1157 648 1215 easdem
668 1170 721 1215 res.
736 1158 830 1229 regite
851 1158 929 1228 Quid
954 1160 1001 1216 est
1023 1172 1077 1217 cnr
1101 1158 1134 1215 in
1160 1157 1239 1216 duos

148 1276 247 1336 biuros
272 1275 445 1335 otviooture
470 1279 579 1336 nonne
599 1278 672 1336 nino
691 1265 721 1337 et
739 1277 946 1337 dubitationes
972 1279 1001 1336 et
1022 1278 1238 1337 controversus

149 1408 275 1466 surgere
298 1398 446 1470 possunt,
468 1409 535 1469 quas
557 1396 676 1470 utique,
699 1397 822 1470 scriptis
845 1375 907 1456 iliis
930 1397 1034 1470 libris,
1059 1397 1239 1455 dirimendae

149 1515 298 1575 inerunt?
318 1518 397 1574 Duas
412 1530 478 1576 esse
494 1513 603 1578 causas
623 1518 695 1577 huic
710 1518 816 1589 legum*
827 1482 1113 1591 componendarum
1129 1518 1240 1577 rationi

150 1646 239 1706 reor,
262 1647 377 1703 mam,
403 1647 444 1692 ne
467 1635 555 1694 labor
580 1637 696 1694 nimius
719 1637 915 1709 suscipiatur,
941 1629 1086 1711 alteram,
1111 1636 1240 1695 Romani

147 1755 229 1827 juris
243 1755 462 1831 imitationem,
478 1760 619 1818 neutram
635 1759 709 1818 satis
724 1757 926 1831 probandam.
1011 1801 1012 1804 ,

187 1878 275 1938 Jubet
293 1892 416 1950 quoque
435 1880 541 1938 noster
557 1882 695 1940 veterum
714 1881 817 1952 legum
836 1881 1048 1952 librorumque
1062 1878 1156 1939 verba
1169 1879 1238 1936 reti·

151 1997 217 2056 neri
237 2019 248 2048 ι
265 1997 337 2059 licet
349 2013 404 2071 per
419 2002 565 2059 centones
579 2002 609 2059 et
622 2001 780 2073 portiones
791 2000 916 2071 exiguas
932 2021 943 2050 ιι
961 1999 1151 2072 excerpenda
1166 1997 1239 2069 sint,

151 2117 226 2190 quia
239 2118 349 2190 priscis
363 2119 490 2178 vocibus
504 2120 604 2193 major
619 2120 695 2179 insit
710 2120 885 2180 auctoritas
901 2120 1037 2192 Optime:
1053 2120 1187 2177 attamen
1202 2131 1242 2175 ne

150 2237 245 2297 verba
263 2239 422 2299 serventur
443 2239 573 2298 omnino
591 2239 717 2298 desueta
733 2238 910 2298 cauendum
929 2240 990 2311 est,
1010 2237 1152 2308 legesque
1170 2237 1242 2293 ante

152 2356 260 2417 omnia
276 2357 487 2430 intelligantur
501 2359 539 2418 ab
554 2372 742 2433 unoquoque
755 2372 880 2418 necesse
893 2360 954 2431 cst,
972 2371 1068 2430 quum
1083 2356 1189 2415 nullus
1202 2357 1244 2416 sit

151 2478 207 2550 qui
230 2493 296 2539 non
318 2479 359 2538 iis
381 2493 489 2551 parere
516 2480 635 2539 debeat.
659 2480 834 2539 iustiniano
858 2479 951 2550 igitur
975 2454 1070 2536 alius'
1081 2477 1243 2549 exprobret

151 2596 236 2669 quod
261 2610 279 2656 a
305 2597 490 2660 triboniano
519 2599 632 2657 mutari
654 2598 749 2658 verba
772 2611 882 2670 passus
907 2597 976 2655 sit:
1003 2610 1068 2655 non
1097 2595 1168 2668 ille,
1190 2593 1242 2665 jus

150 2717 323 2773 Romanum
344 2717 576 2790 componendo,
599 2717 746 2792 posteris,
770 2717 824 2774 sed
844 2714 1015 2787 equalibus
1035 2713 1100 2771 suis
1124 2724 1235 2770 consu-

150 2835 224 2908 luit,
237 2849 297 2894 nec
309 2836 425 2910 studio,
443 2837 497 2894 scd
509 2837 573 2909 ipsi
587 2837 751 2895 bominum
765 2837 846 2896 vitae.

187 2958 335 3015 Praeterca
352 2957 438 3028 optat
456 2959 595 3019 Bnonus
610 2955 652 3027 (t)
670 2977 681 3006 ιι
697 2958 732 3015 ut
747 2954 928 3028 hujusmodi
943 2955 1045 3025 legum
1060 2951 1243 3011 instauratio

155 3097 167 3126 ιι
189 3075 250 3134 iilis
260 3077 448 3149 temporibus
459 3076 644 3150 suscipiatur
655 3089 723 3147 quae
738 3073 975 3147 antiquioribus,
986 3084 1117 3144 quorum
1132 3072 1200 3128 octa
1215 3072 1244 3127 et

155 3205 282 3265 supera
301 3195 481 3266 retractant,
506 3193 616 3251 litteris
641 3194 670 3249 et
693 3204 795 3249 rerum
826 3189 1000 3260 cognitione
1026 3187 1240 3260 praestiterint:

157 3336 168 3363 ιι
190 3314 274 3386 quod
288 3328 375 3373 secus
390 3315 422 3372 in
439 3326 531 3386 opere
544 3312 710 3371 iustiniani
725 3311 835 3369 evenit.
847 3309 955 3368 Infelix
976 3323 1024 3368 ros
1038 3322 1172 3381 namque
1187 3315 1242 3380 est,

156 3455 167 3482 ιι
189 3447 285 3506 quum
299 3448 334 3492 ex
347 3434 464 3506 judicio
484 3434 514 3492 et
531 3433 650 3491 delectu
664 3431 761 3489 etatis
772 3431 877 3488 minus
894 3430 1055 3503 prudentis
1071 3430 1101 3487 et
1117 3428 1242 3487 eruditae

154 3574 169 3606 ιι
190 3555 387 3628 antiquorum
398 3567 491 3626 opero
500 3552 679 3611 mutilentur
693 3553 723 3610 ot
736 3551 1005 3623 recomponantur.
1017 3553 1127 3607 Verum
1141 3549 1242 3606 tamen

158 3694 169 3722 ι
192 3687 271 3745 saepe
286 3675 492 3733 necessarium
508 3675 567 3746 est,
583 3672 665 3745 qnod
680 3685 744 3728 non
756 3670 943 3742 optimum.»
963 3670 1016 3728 iiio
1034 3672 1154 3726 bacono
1176 3679 1241 3724 om-

192 4115 221 4177 tt)
241 4112 277 4166 ot.
292 4112 345 4166 The
357 4113 487 4168 elemento
508 4113 536 4167 ot
546 4112 591 4166 the
601 4125 725 4166 common
740 4109 790 4163 lau
808 4109 836 4163 oi
852 4107 989 4174 iingland,
1008 4103 1132 4172 pretore:
1148 4124 1158 4149 ιι
1173 4104 1243 4156 More

159 4226 169 4251 ιι
190 4205 323 4283 excellent
333 4205 386 4260 bad
399 4207 443 4261 tho
455 4207 530 4260 work
543 4205 693 4272 (Pandectae)
708 4204 794 4266 been,
817 4216 879 4255 sare
896 4202 954 4254 that
968 4200 1014 4253 tbc
1026 4211 1100 4252 more
1118 4199 1243 4263 ignorant

161 4318 174 4343 ι
192 4299 244 4352 anri
257 4300 372 4355 obscure
383 4302 447 4356 time
456 4292 511 4354 bad
520 4296 673 4353 undertook
685 4297 712 4349 to
729 4295 833 4347 correct
849 4292 893 4347 the
904 4304 979 4346 ruore
992 4289 1102 4345 learned
1113 4288 1165 4342 ancl
1176 4286 1243 4341 tiou-

161 4409 171 4435 ι
191 4390 295 4458 rishing
311 4394 383 4448 time.
405 4413 415 4439 ιι
