2782 4868
612 363 781 424 ..55-

147 517 213 579 nisi
227 531 263 576 en
276 528 339 574 uua
353 514 404 573 aut
416 513 510 572 altera
521 514 606 585 parte
617 513 716 584 major
727 525 874 571 numerus
891 513 1106 586 suffragiorum
1122 519 1234 577 staret:

153 660 167 690 a
188 637 310 696 Nullum
325 635 408 694 enim
421 647 488 692 esse
504 632 588 692 aliud
603 632 726 704 signum
741 632 876 691 veritatis
891 646 984 706 quam
999 635 1082 708 quod
1093 638 1238 697 omnibus
1255 656 1257 660 ·

153 781 167 808 ι
188 758 347 830 acceptum
374 756 470 826 esset,
496 753 582 813 salva
610 750 752 824 equitate
777 750 832 825 (ll.
858 771 871 804 o
898 752 1079 812 Libertatem
1100 754 1147 813 illi
1170 759 1241 831 ente

150 874 260 956 omnia
279 871 416 945 ponunt,
437 882 536 942 neque
555 869 602 928 ias
621 881 688 926 esse
707 870 833 927 censent
852 869 1002 941 populum
1021 869 1081 930 ista
1101 869 1240 930 libertate

152 991 205 1049 vel
219 988 322 1062 potius
336 989 485 1061 potestate
497 999 564 1044 sese
577 986 620 1044 ita
636 983 796 1058 abdicare,
812 987 847 1043 ut
863 984 1061 1056 magistratus
1080 999 1154 1046 suos
1173 1001 1239 1046 mu-

155 1111 221 1168 tare
238 1109 384 1182 nequeam
405 1119 445 1190 ne
463 1105 537 1165 satis
556 1108 602 1198 est
626 1105 751 1178 quidem
776 1105 911 1178 populos
935 1119 1082 1179 regesque
1106 1105 1187 1166 inter
1211 1121 1243 1166 se

154 1228 272 1287 mutuis
284 1226 394 1286 officiis
410 1225 524 1299 teneri,
541 1193 608 1298 quae
621 1225 648 1283 si
664 1239 749 1297 reges
763 1194 894 1300 violant,
906 1226 1034 1300 perinde
1048 1229 1139 1301 atque
1154 1229 1244 1300 mpta

156 1347 234 1420 fide,
251 1361 308 1410 eos,
317 1347 431 1406 mutari
445 1359 567 1419 aequum
582 1346 636 1418 sit,
647 1346 716 1420 sed,
728 1360 824 1420 quum
835 1349 977 1421 apopulo
992 1350 1127 1420 potestas
1142 1349 1244 1407 omnis

156 1467 199 1526 ati
214 1481 271 1526 eos
281 1469 347 1540 eat,
361 1467 494 1540 populus
510 1463 579 1539 jure
589 1461 646 1525 suo
660 1480 729 1525 eam
744 1467 784 1525 ad
795 1481 828 1526 se
843 1481 986 1526 revocare
997 1470 1112 1542 potest,
1128 1469 1154 1526 si
1168 1468 1247 1526 forte

159 1589 192 1648 id
213 1589 261 1647 sui
283 1589 393 1647 referre
413 1587 579 1647 arbitratur
600 1586 655 1663 (a).
675 1590 711 1645 lt
730 1588 813 1647 enim
831 1589 884 1661 qui
899 1564 1015 1648 obstari
1030 1589 1130 1661 potest
1145 1602 1248 1647 rerum

158 1705 402 1765 mutationibus?
426 1705 515 1763 Nullo
540 1705 652 1780 modo,
677 1718 735 1764 nee
761 1705 948 1764 obstandum
970 1725 977 1762 :
998 1719 1159 1779 nunquam
1182 1721 1247 1766 non

159 1826 276 1899 populo
299 1825 371 1883 licei
394 1825 476 1896 leges
497 1838 569 1883 suas
589 1826 724 1898 mutare,
744 1825 877 1898 optimas
901 1839 1033 1899 quoque.
1057 1829 1149 1899 Nam,
1172 1826 1198 1884 si
1221 1828 1249 1884 ei

161 1947 262 2018 placet
275 1947 335 2004 sibi
348 1947 409 2019 ipsi
424 1958 550 2019 nocere,
561 1922 655 2018 'enjus
668 1948 715 2003 est
728 1959 799 2003 enm
814 1945 996 2018 prohibere?

197 2069 274 2126 Hine
288 2068 381 2148 igitur
395 2067 492 2140 regis,
507 2067 595 2124 illinc
609 2066 716 2139 populi
730 2067 777 2124 est
792 2080 936 2139 suprema
950 2069 1100 2143 potestas,
1116 2082 1174 2127 nec
1185 2068 1252 2141 jam

160 2184 300 2244 alterutri
313 2184 392 2242 fines
401 2184 520 2256 imponi
535 2183 583 2241 fas
603 2185 663 2255 ost,
681 2183 707 2240 si
724 2196 795 2243 vore
809 2185 844 2241 ut
858 2183 904 2241 illi
919 2197 955 2242 ex
970 2184 1105 2257 origine,
1122 2185 1165 2244 ita
1178 2185 1252 2244 huic

162 2320 200 2362 ex
209 2317 339 2363 numero
347 2304 398 2376 jus
408 2303 565 2377 quoduam
576 2303 717 2363 divinum
732 2305 905 2376 competere
919 2304 1080 2362 fatendum
1095 2309 1150 2362 est.
1166 2309 1251 2379 lam,

163 2427 276 2486 Baeoni
292 2428 451 2499 tempore,⁴
469 2426 597 2497 gliscere
615 2428 716 2498 coepta
730 2428 776 2483 est
789 2425 827 2483 <ie
847 2425 989 2498 populari
1001 2425 1160 2485 voluntate
1174 2425 1252 2484 ratio

164 2549 241 2620 ista,
264 2547 487 2608 mutationibus
513 2546 677 2606 Britanniae
706 2547 739 2604 in
763 2546 864 2619 majus
890 2551 1033 2619 provecta
1057 2548 1118 2621 est,
1144 2559 1163 2604 a
1186 2546 1253 2619 qui·

163 2667 296 2726 busdam
320 2668 521 2740 scriptoribus
552 2671 661 2726 ornata
690 2668 744 2743 (3),
767 2669 933 2741 postquam
962 2668 996 2724 in
1021 2666 1177 2725 Britannia
1201 2667 1255 2725 diu

165 2785 335 2856 manserat,
346 2784 472 2843 tandem
488 2784 570 2857 apud
588 2797 647 2844 nos
660 2785 815 2843 luculente
833 2784 983 2857 exposita,
1005 2785 1034 2842 et
1048 2783 1136 2855 qnasi
1154 2783 1254 2856 philo-

165 2905 221 2979 phi
249 2904 410 2978 cujusdam
434 2905 532 2963 nostri
558 2906 597 2978 (l)
623 2906 852 2985 quodammodo
876 2904 1002 2977 propria
1030 2917 1065 2962 ao
1093 2903 1255 2977 peculiaris

166 3024 264 3096 iacta,
286 3023 319 3080 in
339 3023 435 3081 vitam
459 3023 624 3082 hominum
646 3024 676 3081 et
698 3024 860 3082 historiam
881 3022 1031 3081 transiit:
1060 3021 1113 3080 ubi
1134 3026 1210 3095 qnot-
1227 3024 1256 3078 et

167 3144 283 3214 ouante
300 3142 513 3202 effecerit-non
529 3145 671 3201 noenum
688 3143 734 3200 est
748 3141 915 3232 attingere

201 3263 297 3321 Hodie
316 3263 442 3337 quidem
462 3262 546 3322 aliud
564 3264 598 3322 in
617 3263 737 3322 bonore
756 3265 802 3321 est
813 3263 903 3336 ¹apud
919 3262 1132 3336 philosophos.
1142 3265 1256 3334 Legem

166 3385 308 3444 utilitatis
323 3399 415 3446 causa
430 3386 576 3445 constitui
591 3386 744 3460 diximus,
760 3387 894 3459 equitati
909 3400 980 3447 vero
1004 3398 1172 3458 congruam
1191 3398 1257 3444 esse

169 3502 289 3562 debere.
304 3507 364 3562 Lex
381 3507 427 3562 est
447 3503 525 3563 ratio
547 3503 600 3577 (5).
617 3505 740 3563 Nullum
755 3505 846 3576 igitur
860 3506 1036 3576 bominem,
1052 3521 1092 3565 ne
1108 3507 1257 3580 majorem

204 3968 237 4033 (l)
255 3967 417 4034 condursci,
432 3967 546 4023 Tabteco
557 3968 601 4023 des
614 3971 725 4038 Proprie
737 3967 768 4023 de
778 3967 889 4038 l’lisprr't
904 3965 1034 4030 bomaio,
1048 3969 1074 4018 9·
1087 3965 1202 4032 epoque.

205 4060 239 4126 (t)
251 4059 336 4114 lb.8·
350 4059 467 4128 epoque.
561 4056 563 4060 '

207 4149 236 4214 (3)
246 4149 399 4213 llthusins,
411 4150 541 4215 languet,
555 4150 702 4215 Needham,
715 4150 886 4215 Harriugtom
900 4148 997 4201 bocke.

209 4241 239 4303 (4)
260 4240 405 4293 liousaeau.

209 4328 239 4392 (5)
252 4323 450 4396 Montesquien,
464 4327 558 4398 Esprit
573 4329 616 4384 des
632 4328 708 4394 Lois,
728 4328 749 4382 l.
770 4343 830 4395 1,o.
853 4331 881 4382 ll
897 4345 901 4382 :
920 4347 930 4374 r
951 4329 984 4383 Lo
995 4327 1033 4383 loi
1045 4342 1078 4383 en
1090 4325 1200 4404 general
1216 4328 1257 4379 est
