2782 4868
597 82 765 141 ..gg-

140 258 153 287 ι
174 238 255 309 leges
281 233 480 305 constituere,
504 230 622 304 legibus
646 230 779 303 Anglicis
802 231 984 293 contrarias.
1009 233 1100 305 Quod
1126 237 1233 299 multis

143 381 154 410 a
176 356 321 430 exemplis
346 353 511 428 probatur,
533 354 564 412 et
588 352 660 412 inde
683 353 883 426 consequitur
905 353 1084 415 Hiberniam
1107 370 1177 417 non
1196 370 1232 419 eo

143 501 153 529 l
176 478 260 551 quod
274 475 369 536 armis
383 475 561 548 comparata
574 473 628 545 sit,
639 473 696 533 sed
705 458 857 534 ex'cbaria
871 474 952 546 regis
965 476 1096 536 ioannis
1111 477 1233 550 legibus

143 618 155 646 ι
175 594 309 667 Anglicis
329 593 498 666 subjectam
518 605 584 651 esse
598 590 652 667 (l).
669 614 683 643 ι
699 594 760 651 Nec
782 591 871 652 aliter
889 593 928 652 de
947 592 1095 653 cambriae
1117 592 1233 655 tinibus

141 714 262 789 scribit,
286 727 382 787 quum
406 713 440 771 in
459 713 573 772 statuto
593 712 729 786 quodam
748 711 813 784 regi
833 711 938 772 datam
959 724 1027 771 esse
1046 714 1232 787 potestatem

141 830 351 891 faciendarum
365 830 645 904 mutandarumque
658 830 761 902 legum
771 829 830 889 bac
839 830 968 903 inparte
976 830 1170 903 regnireiert
1179 831 1231 908 (2).

142 953 253 1008 Parum
263 963 334 1010 cum
343 950 453 1023 seipso
464 952 568 1011 noster
577 952 719 1010 constare
734 949 872 1024 videtur,
888 951 941 1024 qul
954 952 1060 1024 anglis
1073 955 1234 1029 sectisque

140 1069 344 1129 parliamenta
356 1053 515 1143 concedit,
525 1070 651 1129 unicam
665 1070 745 1140 regis
761 1083 828 1129 esse
842 1071 1025 1143 potestatem
1037 1070 1073 1129 in
1086 1072 1233 1134 Hibernia

140 1185 339 1258 Cambriaqne
355 1186 469 1260 patitur
484 1205 491 1245 :
508 1199 609 1259 neque
626 1185 799 1260 objiciatur,
814 1186 870 1245 nbi
883 1199 960 1258 gens
976 1187 1121 1261 quedam
1136 1190 1233 1251 mmis

143 1303 298 1377 donetur,
320 1317 445 1364 necesse
463 1317 530 1363 esse
548 1302 642 1363 unica
660 1304 701 1363 sit
718 1305 854 1377 potestas
869 1305 952 1378 apud
965 1316 1050 1378 cam3
1064 1318 1133 1365 nou
1148 1306 1233 1366 eninr

142 1438 263 1499 semper
281 1425 388 1485 eadem
406 1426 573 1485 necessitas
595 1437 721 1484 manere
740 1425 856 1497 potest,
879 1423 935 1483 sed
956 1424 1072 1497 optime
1088 1423 1233 1486 animad-

142 1545 232 1603 vertit
260 1546 388 1617 gallicus
416 1544 622 1620 philosophus
646 1544 766 1602 nullam
789 1544 964 1605 servitutem
991 1545 1140 1607 eternam
1168 1560 1236 1607 esse

144 1663 253 1724 debere
268 1663 321 1738 (3).
338 1665 474 1724 subditis
488 1665 631 1737 gentibus
646 1665 753 1724 eadem
773 1668 847 1725 sunt
863 1668 988 1740 natura,
1008 1667 1117 1727 cadem
1134 1681 1175 1728 cx
1191 1669 1233 1729 le-

143 1785 232 1856 gibus
246 1786 420 1857 competere
434 1785 523 1844 dccet
535 1783 624 1860 jura,
639 1798 707 1858 quae
721 1785 831 1845 uictori
843 1786 969 1860 populo.

178 1908 293 1964 l'orsan
308 1905 420 1978 aliquis
434 1905 563 1965 miretur
576 1919 616 1965 ne
629 1906 791 1978 Anglicum
806 1906 931 1980 quidem
945 1906 1188 1967 parliamentum
1201 1909 1235 1968 in

144 2028 263 2101 partem
282 2039 432 2100 supremae
453 2026 543 2086 istius
560 2026 721 2100 potestatis
737 2028 898 2102 vocatum,
912 2029 948 2085 ut
961 2027 1043 2099 leges
1056 2040 1124 2086 non
1138 2028 1237 2089 modo

142 2148 176 2207 in
186 2149 310 2222 anglia,
327 2147 535 2208 sedomnibus
545 2147 728 2222 inpartibus
738 2147 856 2219 inglici
867 2147 953 2219 regui
962 2144 1236 2220 perilludfiereut.

144 2265 223 2335 Quid
246 2270 341 2324 vero?
365 2280 472 2325 nonne
497 2270 636 2327 Baconns
658 2266 709 2338 jus
734 2265 892 2338 quoddam
913 2264 1017 2324 natale
1037 2265 1146 2337 anglis
1168 2278 1238 2326 esse

145 2383 239 2442 dixit?
255 2384 374 2443 scilicet
387 2397 455 2457 qua
468 2384 531 2442 sint
545 2383 616 2456 jura
633 2384 668 2442 in
684 2382 793 2454 anglia
807 2396 906 2457 operae
920 2383 1054 2456 pretium
1069 2383 1117 2441 est
1131 2384 1238 2444 consi·

145 2505 270 2564 derne:
283 2505 349 2564 bec
362 2505 442 2564 nibil
455 2505 541 2565 aliud
555 2518 621 2564 esse
636 2518 729 2579 quam
742 2488 1012 2579 regalia‘quadam
1022 2504 1190 2578 priuilegia
1202 2506 1239 2565 in

145 2625 282 2698 subjecto
311 2627 459 2700 scriptum
487 2627 533 2685 est
562 2626 810 2686 duodevicesimo
837 2625 955 2686 soeerrlo
984 2623 1039 2700 (l).
1068 2629 1139 2685 liaec
1167 2639 1239 2701 per-

182 2966 214 3029 ti)
236 2965 289 3021 The
312 2973 453 3033 argument
477 2967 505 3022 ot
525 2969 564 3022 sir
584 2969 610 3022 l.
633 2970 720 3024 bacon
741 2969 770 3022 in
793 2969 838 3024 the
859 2980 922 3022 case
940 2966 969 3020 oi
988 2967 1034 3022 the
1052 2969 1114 3023 lost
1130 2969 1190 3023 nati
1211 2970 1244 3024 oi

149 3055 281 3110 scotland.

182 3145 213 3210 (ii
226 3144 281 3199 'ibe
290 3146 464 3212 jurisdictiou
475 3145 504 3199 oi
515 3146 562 3200 the
576 3147 709 3200 marches.

183 3239 213 3303 (3)
224 3238 423 3305 Montesquien,
436 3236 530 3308 Esprit
540 3236 584 3292 des
596 3237 659 3292 bots
669 3278 675 3305 ,
687 3239 708 3292 l.
719 3252 753 3304 x,
766 3252 791 3294 c.
805 3253 846 3293 ιιι.

181 3330 214 3393 (il
227 3327 401 3393 Bleclrstone,
411 3331 430 3381 t.
443 3343 480 3395 ιι,
490 3343 513 3383 c.
526 3343 568 3384 ιιι.
578 3358 611 3368 -
623 3329 660 3383 Gi.
673 3342 698 3384 c.
711 3344 750 3396 ιν,
759 3330 807 3384 ubi
818 3330 929 3398 scripsit
938 3331 1029 3387 idem:
1045 3331 1202 3388 «bibertles
1212 3334 1243 3389 oi

151 3439 162 3467 a
182 3418 357 3486 linglisbmeu
371 3431 416 3473 are
429 3422 477 3473 not
492 3421 528 3484 las
540 3432 616 3474 some
630 3420 765 3489 arbitrary
775 3421 883 3476 writers
896 3421 988 3477 would
999 3425 1142 3490 represent
1152 3423 1237 3489 them)

151 3532 162 3559 d
182 3523 258 3567 merc
276 3509 483 3576 iniringemcnts
505 3509 534 3565 oi
553 3511 600 3566 the
623 3511 713 3578 king’s
736 3511 925 3578 prerogatus,
946 3511 1070 3568 extorted
1094 3511 1166 3567 lrom
1188 3526 1241 3568 our

35 3627 38 3634 ·
152 3601 290 3667 «princes
310 3599 348 3668 by
367 3601 459 3666 taking
481 3599 628 3668 advantage
653 3599 682 3654 ol
700 3600 771 3655 their
791 3601 949 3667 wealrness,
973 3601 1023 3656 bnt
1039 3615 1055 3656 a
1073 3603 1240 3658 restoration

152 3711 162 3739 ι
182 3692 211 3746 oi
223 3692 280 3745 that
290 3692 396 3748 ancient
404 3691 579 3746 constitution
591 3690 620 3746 ol
629 3692 718 3747 which
730 3705 781 3746 our
791 3694 930 3747 ancestors
941 3692 996 3747 had
1006 3693 1077 3747 been
1089 3692 1239 3749 deirauded

152 3803 163 3830 ι
183 3783 221 3850 by
231 3784 278 3837 the
288 3785 330 3837 act
341 3784 395 3837 and
409 3783 509 3838 fluesse
519 3783 549 3837 oi
559 3784 674 3838 liorman
682 3783 813 3852 lawyers,
824 3785 916 3839 rather
927 3784 992 3839 tlran
1002 3784 1131 3852 deprived
1141 3785 1180 3852 by
1192 3785 1239 3840 tire

153 3892 164 3921 ι
183 3873 258 3927 force
271 3873 355 3928 olibe
367 3875 482 3929 llormen
494 3888 576 3929 arms.
592 3895 602 3922 ι
619 3874 660 3928 dil
673 3874 756 3930 reiert
768 3875 839 3929 unde
850 3875 1001 3931 libertatem
1011 3877 1127 3943 jureque
1138 3875 1237 3942 inglo-

151 3976 213 4017 rum
227 3964 375 4031 procedere
392 3965 439 4021 ille
460 3970 585 4034 censeat,
605 3979 689 4035 quum
709 3967 742 4021 eb
759 3967 888 4033 historia,
911 3967 1123 4024 ueneratione
1143 3979 1237 4023 eorum

152 4056 285 4122 originem
296 4057 365 4112 trebi
376 4058 478 4114 doceat.
