2782 4868
511 469 514 475 Ι
605 383 792 449 -rse-

192 543 227 600 ltr
243 539 344 614 prima
362 536 458 615 parte,
474 539 509 596 de
526 541 759 616 perpetuitatem
774 541 935 600 disseritur
950 553 957 592 r
979 559 990 588 ιι
1004 539 1091 608 Quorl
1101 538 1240 601 adratio-

158 683 168 712 ιι
191 675 263 720 nem
277 664 307 719 et
321 656 494 735 aequitatem
508 662 597 733 pretii
619 661 715 720 exacti
737 661 913 720 athesauro
934 660 967 718 in
983 658 1096 718 talibus
1112 659 1241 718 transla-

158 807 170 832 ·
191 783 327 842 tionibus
343 784 470 856 spectat,
486 782 530 840 lta
544 781 665 840 dicam:
682 793 777 853 quum
788 792 851 854 rex,
863 779 1013 853 quemlex
1028 779 1137 838 nostra
1149 779 1240 838 intel·

158 925 169 950 ι
190 902 258 972 ligii
269 901 364 960 luisse
379 901 535 975 principi-o
553 900 695 959 omnium
717 911 921 972 personarum
947 911 1126 970 supremum
1142 897 1242 961 domi·

156 1043 168 1070 ι
190 1035 287 1096 uum,
302 1021 404 1079 omnis
424 1024 510 1079 terra
530 1021 563 1077 ln
588 1033 683 1090 regno
706 1016 868 1077 dominum
884 1018 1031 1090 unicum,
1048 1016 1131 1076 dedit
1147 1018 1241 1076 terras

158 1165 170 1191 ι
191 1141 397 1213 sutjeetorum
417 1141 509 1199 alieui
528 1139 676 1199 tenendas
697 1151 734 1196 ex
753 1139 841 1213 ipso,
858 1139 1007 1212 tanquam
1025 1150 1063 1196 ex
1081 1149 1198 1195 eorona
1212 1140 1242 1195 et

156 1281 168 1311 ι
189 1261 283 1332 regali
298 1260 468 1320 diademate
483 1274 550 1335 suo,
567 1259 673 1332 paucis
687 1257 812 1331 quidem
827 1257 946 1316 selectis
959 1257 1034 1316 viris
1048 1257 1108 1316 hoc
1123 1255 1240 1324 tribuit,

156 1402 168 1430 ι
188 1395 253 1440 non
269 1382 352 1440 ratus
371 1393 558 1454 quemquam
578 1378 684 1448 alium,
707 1377 822 1450 ahsque
842 1390 899 1435 suo
920 1389 1088 1448 consensu,
1103 1374 1240 1448 ejusaem

155 1525 168 1552 ι
190 1506 276 1562 terra
290 1503 536 1563 dominum'fore.
551 1502 646 1573 lgitur
656 1500 739 1558 rlono
750 1478 843 1558 infuit
856 1499 884 1557 is
898 1498 1021 1557 animus
1035 1499 1080 1568 ut,
1092 1496 1118 1554 si
1133 1497 1241 1555 tenens

156 1644 167 1674 ι
188 1636 256 1681 eam
265 1622 482 1695 transtulisset,
493 1621 571 1692 regis
585 1633 713 1679 assensu
724 1621 813 1677 antea
823 1630 888 1676 non
903 1617 1076 1690 impetrato,
1089 1615 1128 1674 arl
1138 1629 1240 1686 regem

156 1759 166 1787 ιι
188 1739 242 1797 illa
255 1740 308 1798 aut
328 1739 368 1798 arl
382 1724 447 1811 ejus
463 1750 670 1810 successores,
686 1736 739 1810 qui
759 1735 877 1808 primus
892 1747 960 1793 eam
976 1733 1125 1808 dedisset,
1140 1746 1239 1791 rever·

154 1877 166 1906 ι
189 1859 310 1915 teretur.
321 1877 333 1908 ιι
346 1860 413 1916 tlon
427 1870 491 1914 non
507 1857 682 1914 reversaest
697 1857 787 1928 terra,
803 1852 857 1910 serl
868 1852 965 1910 multa
979 1852 1119 1925 quadam
1136 1853 1240 1910 exacta

151 1975 224 2048 luit,
251 1997 263 2025 ιι
276 1989 389 2046 magno
410 1975 615 2047 legislatore.
634 1997 645 2028 ι
664 1975 740 2032 lline
765 1973 872 2032 ahesse
885 1972 1007 2031 videtur
1020 1973 1115 2045 ratio,
1133 1971 1240 2032 abesse

151 2091 358 2163 philosophia.
381 2095 519 2150 Baeonus
535 2093 632 2165 enim,
648 2104 835 2164 quamquam
855 2090 892 2148 tle
913 2090 1032 2180 ratione
1051 2092 1080 2148 et
1098 2089 1240 2162 aequitate

150 2222 218 2267 sese
238 2210 332 2268 verha
352 2210 505 2270 iaetumm
526 2211 660 2286 dixerat,
677 2211 806 2270 nonnisi
825 2211 987 2269 historiam
1003 2209 1160 2281 amplexus
1183 2210 1238 2266 est.

151 2333 235 2388 'luno
251 2332 353 2389 autem
370 2331 558 2404 jampridem
577 2331 750 2390 obtinuerat
771 2331 851 2389 mira
868 2331 989 2404 opinio,
1010 2329 1125 2388 scilieet
1138 2342 1240 2400 regom

148 2450 244 2508 fuisse
260 2451 361 2510 omnis
377 2454 464 2509 terra
476 2452 639 2511 dominum
659 2467 666 2505 z
683 2453 766 2525 quorl
781 2466 861 2526 saepe
875 2451 908 2510 in
929 2452 1030 2510 medio
1045 2451 1134 2524 ponit
1148 2454 1238 2511 liaco-

149 2585 220 2644 nus,
237 2573 384 2644 tanquam
402 2572 479 2643 legis
493 2572 730 2631 fundamentum
754 2571 813 2645 (l),
834 2572 900 2645 ipse
919 2571 1029 2629 Fenelo
1043 2583 1166 2643 quoque
1183 2584 1240 2642 pro

149 2689 401 2764 veroaooipitti),
413 2691 799 2766 nlackstoniusautsmpro
809 2693 888 2753 falso
900 2692 998 2765 rejicit
1008 2690 1146 2766 (3),uihil
1156 2690 1241 2750 aliud

150 2821 243 2880 quam
262 2783 427 2869 feudorum
441 2812 681 2871 eonsuetudines
699 2812 731 2870 in
747 2812 937 2872 Britanniam
956 2812 1077 2882 illatas,
1100 2811 1172 2869 inde
1186 2810 1239 2868 fle-

150 2933 215 2988 tum
235 2942 337 3000 regem
351 2930 455 2988 omnis
470 2932 557 2989 terrae
573 2930 753 3002 dominum,
772 2943 933 3003 nunquam
947 2930 1054 3004 luisse,
1071 2929 1240 3002 contendit,

149 3048 283 3105 attamen
294 3046 451 3106 fictionem
462 3047 543 3106 inter
557 3047 676 3120 regulas
692 3049 721 3106 et
735 3050 887 3121 praecepta
894 3048 974 3121 juris
989 3048 1238 3108 esse'oontitatur.

148 3166 214 3223 Non
225 3167 366 3223 nostrum
380 3168 426 3223 est
443 3179 578 3238 quarere
593 3179 633 3225 an
648 3167 729 3225 inter
744 3180 776 3225 se
790 3167 922 3226 multum
942 3133 1085 3226 differant
1101 3171 1239 3229 Baconns

149 3283 178 3339 et
188 3281 413 3357 Blackstonius,
430 3284 505 3355 quid
520 3285 641 3343 intersit
650 3287 730 3344 inter
742 3299 848 3344 rerum
863 3300 903 3346 au
919 3286 1024 3345 fictum
1044 3286 1124 3358 regis
1139 3287 1236 3346 domi-

149 3401 245 3459 nium.
262 3401 374 3460 Saltem
394 3414 434 3460 an
454 3415 524 3460 eum
541 3402 683 3474 aequitate
703 3402 882 3462 conveniret
895 3401 996 3476 fictio,
1015 3416 1109 3475 quam
1122 3404 1237 3462 utilita-

149 3519 210 3575 tem
230 3517 354 3578 haheret
373 3520 651 3580 demonstrandum
669 3522 737 3581 tuit.

183 3635 280 3694 Tertia
308 3649 378 3708 pars
409 3653 529 3711 quoque
554 3640 647 3712 digna
672 3645 718 3700 est
743 3643 776 3700 in
805 3657 866 3715 qua
894 3646 1039 3702 notentur
1067 3642 1232 3714 quadam:

150 3771 160 3799 ι
182 3755 249 3811 Hae
264 3753 365 3813 autent
379 3755 520 3815 lanianda
535 3769 646 3816 censeo
663 3778 670 3815 :
688 3761 823 3831 primurn
842 3759 1001 3831 diligentia
1022 3758 1234 3818 ministrorum

183 4153 213 4216 (l)
234 4151 287 4206 The
295 4166 344 4207 use
355 4155 383 4209 oi
391 4155 437 4210 the
450 4156 511 4223 law,
527 4160 577 4212 eto.

180 4245 211 4308 tt)
232 4244 306 4298 lissei
316 4245 523 4318 philosophique
533 4263 580 4307 sur
589 4249 615 4307 le
629 4251 842 4307 Gourernement
852 4248 930 4315 oirll,
942 4262 965 4303 o.
980 4252 1017 4304 tt.

184 4337 212 4402 ti)
232 4337 262 4388 l.
279 4351 315 4404 rr,
332 4351 358 4392 o.
376 4341 403 4393 t.
