2782 4868
600 395 789 458 —185-

153 548 173 599 ι’
188 546 330 620 affertur,
363 548 593 620 exceptionibus
616 551 823 610 remediorum
852 549 1051 608 incommoda
1076 551 1240 610 tolluntur.

154 671 278 727 «Nova
306 667 389 726 enirn
417 667 498 738 leges
521 668 834 742 pharmacopolamm
864 669 1097 754 medicamentis
1126 671 1242 728 similes

152 810 164 842 ι
185 792 275 862 sunt,
298 802 366 862 quae
385 787 493 848 morbo
519 790 654 848 remedio
675 792 766 863 suut,
788 803 900 863 corpus
920 791 1024 848 tamen
1044 789 1184 860 turbant3
1206 803 1242 846 ea

133 897 163 958 ἰι
185 906 278 977 igitur
302 906 414 978 corrigi
436 907 538 965 solent
560 908 761 966 aromatibus.
792 907 888 966 Nullo
906 907 999 977 igitur
1018 906 1113 965 modo
1140 906 1240 965 afferri

155 1024 288 1094 «potest
313 1023 430 1082 morbis
455 1024 631 1097 reipublice
656 1024 837 1099 remedium,
862 1039 898 1082 ex
927 1039 987 1097 quo
1018 1039 1083 1082 non
1114 1024 1241 1096 aliquod

113 1166 116 1170 ¹
152 1165 164 1196 ι
185 1144 420 1203 incommodum
444 1146 614 1219 cooriatur3
637 1147 769 1218 praevisa
783 1147 871 1219 quasi
887 1145 1025 1205 aromata
1039 1135 1142 1216 legum
1159 1148 1242 1217 sunt,

152 1287 164 1313 ι
187 1278 254 1337 quae
269 1278 321 1324 eas
335 1265 501 1336 corrigant.
519 1289 531 1316 ιι

187 1387 221 1442 ln
235 1385 387 1443 Prooemio
403 1386 507 1444 statuti
523 1386 705 1445 immoratur
723 1389 839 1461 noster,
855 1387 943 1460 cujus
959 1389 1019 1446 tres
1035 1389 1108 1446 sunt
1121 1389 1239 1460 partes:

152 1529 166 1555 ιι
184 1505 286 1564 Prima
300 1505 473 1564 referuntur
487 1505 642 1578 praecipua
665 1505 882 1579 incommoda,
902 1520 939 1563 ex
960 1520 1021 1578 qua
1040 1510 1147 1564 ceterae
1169 1510 1242 1565 ortae

153 1645 164 1673 ιι
186 1623 458 1696 sunt-secunda,
469 1623 637 1694 singularia
647 1623 829 1696 diversaque
840 1624 1049 1697 incommoda,
1059 1638 1126 1696 quae
1135 1625 1242 1696 prima

152 1764 163 1791 ιι
183 1755 255 1814 pars
270 1743 337 1814 ipsa
352 1746 398 1800 est
417 1773 448 1784 -—
466 1741 554 1800 tertia
567 1742 699 1801 breuiter
713 1739 871 1799 indicatur
885 1740 961 1813 quid
982 1740 1110 1798 remedii
1128 1741 1242 1798 statuta

153 1887 164 1912 ι
186 1864 361 1922 adhibitura
376 1863 448 1921 sint.
469 1884 480 1915 a

183 1986 313 2058 apparet
337 1985 429 2057 igitur
453 1984 566 2056 duplex
593 1979 779 2056 prooemium
802 1983 860 2042 bac
884 1983 916 2041 in
942 1983 1138 2057 praeleotione
1162 1997 1239 2055 esse,

147 2119 247 2163 unum
262 2104 346 2176 quod
363 2103 403 2162 ad
425 2103 587 2161 materiam
603 2104 737 2174 spectat,
762 2104 892 2161 alterum
908 2103 992 2175 quod
1008 2102 1047 2161 ad
1063 2106 1212 2160 statutum
1232 2121 1238 2158 :

149 2237 248 2282 unum
268 2223 351 2296 qucd
372 2238 480 2279 usuum
502 2221 730 2294 definitionem,
751 2225 910 2294 naturam,
927 2223 1094 2295 originem,
1110 2223 1240 2281 alterum

149 2337 232 2415 quod
257 2342 362 2401 statuti
385 2343 528 2400 naturam
552 2342 765 2413 originemque
790 2342 937 2400 continet.
969 2344 1137 2413 Utrumque
1164 2355 1239 2399 sone

149 2461 367 2520 necessarium.

183 2582 297 2640 Deinde
317 2583 357 2641 ad
373 2595 485 2655 corpus
504 2584 580 2655 legis
605 2585 689 2644 venit
713 2586 828 2644 noster.
845 2583 1000 2656 Optimum
1020 2584 1146 2657 quidem
1160 2596 1234 2655 prm·

149 2705 272 2775 ceptum
289 2704 366 2762 dat:
392 2705 549 2777 «cupiam
569 2705 607 2763 ab
629 2706 775 2764 omnibus
793 2706 1032 2779 preceptoribus
1053 2705 1104 2778 qui
1126 2707 1238 2763 statuta

151 2847 162 2874 ιι
184 2827 342 2896 exponunt
371 2826 453 2884 idem
472 2827 563 2898 atque
588 2840 606 2883 a
626 2826 786 2898 discipulis
807 2827 839 2883 in
860 2826 934 2884 ludo
955 2825 1021 2882 fieri
1040 2845 1047 2880 ε
1069 2824 1185 2882 scilicet
1203 2827 1237 2881 ut

150 2965 161 2992 ιι
183 2945 254 3002 ante
269 2945 375 3003 omnia
388 2944 579 3016 precipuum
600 2943 728 3002 verbum
750 2949 903 3017 quaerant3
925 2944 957 3002 id
972 2948 1028 3017 est,
1043 2945 1235 3004 animadver-

150 3086 161 3112 ιι
184 3064 249 3122 tant
268 3065 297 3122 et
311 3066 420 3123 notent
434 3078 525 3123 voces
536 3065 568 3122 in
585 3063 699 3138 quibus
716 3064 810 3122 situm
826 3066 871 3121 est
887 3039 1034 3122 statutum
1051 3054 1187 3122 :etenim
1203 3064 1235 3120 in

149 3202 160 3231 ιι
185 3179 328 3243 omnibus
344 3185 465 3243 stabulis
481 3188 554 3243 sunt
573 3185 714 3258 quadarn
733 3199 841 3258 voces,
865 3198 931 3257 qua
947 3199 1042 3245 venas
1059 3184 1233 3256 imitantur,

146 3327 159 3352 ι
180 3305 213 3362 in
232 3319 307 3379 quas
322 3305 451 3364 veniunt
466 3306 530 3364 uita
543 3308 573 3364 et
590 3305 716 3376 sanguis
735 3318 862 3377 eorum,
884 3304 921 3362 de
937 3305 1049 3376 quibus
1064 3305 1154 3363 unice
1172 3305 1234 3363 dis-

150 3445 160 3472 ιι
181 3427 328 3496 putatur:
346 3428 570 3484 oeteraeautem
592 3424 701 3482 littera
724 3431 850 3484 mortua
868 3426 957 3497 sunt,
979 3390 1109 3498 implent
1128 3439 1234 3484 nume·
1268 3438 1271 3443 ·

148 3562 160 3592 ι
183 3555 261 3599 mm.
284 3567 294 3593 ι
321 3548 388 3616 lpse
412 3546 445 3602 in
465 3547 578 3605 statuto
602 3545 640 3603 de
664 3545 764 3601 odorus
787 3545 956 3618 precipuas
982 3557 1073 3603 voces
1094 3545 1231 3616 quaerit:

147 3662 285 3734 exemplo
301 3662 341 3718 sit
351 3662 416 3720 bac
430 3665 582 3722 sententia
597 3684 603 3720 :
621 3685 632 3714 ιι
646 3667 738 3723 casus
749 3664 900 3735 generalis
911 3664 943 3721 in
959 3665 1027 3722 octo
1043 3664 1234 3736 principibus

148 3801 160 3830 ιι
182 3781 309 3839 vocibus
324 3781 401 3840 situs
418 3784 479 3856 est,
497 3784 709 3854 quatuorque
725 3784 938 3843 addominum
955 3785 1106 3854 spectant3
1124 3782 1231 3855 tribus,

151 3921 164 3949 «
183 3915 249 3973 quar
260 3903 299 3961 ad
316 3905 469 3977 utentem3
486 3919 559 3978 una,
576 3918 643 3976 quae
661 3906 699 3963 ad
714 3909 887 3977 utrumque·
908 3925 921 3958 a

183 4024 298 4095 corpus
313 4025 414 4096 ipsum
429 4025 504 4096 legis
520 4026 562 4082 ita
579 4025 688 4084 dividit
708 4046 714 4082 :
734 4047 746 4076 ιι
765 4029 833 4084 Tres
849 4037 937 4084 casus
953 4025 985 4082 in
997 4026 1108 4083 statuto
1123 4023 1195 4080 sunt
1206 4025 1235 4080 et

151 4159 162 4187 ι
183 4141 293 4212 cuique
308 4146 353 4199 est
371 4156 427 4201 sua
449 4144 568 4216 regula3
592 4157 681 4204 casus
698 4145 860 4217 generalis,
881 4157 970 4202 casus
985 4145 1180 4200 corruentium
1195 4141 1235 4198 ad

151 4279 161 4308 ι
183 4272 273 4318 usum
290 4261 382 4319 unius
400 4276 436 4320 ex
449 4265 535 4340 ipsis,
550 4277 639 4324 casus
655 4265 804 4336 generalis
816 4267 975 4323 tenentium
991 4263 1030 4321 ad
1046 4275 1137 4320 nsum
1154 4259 1235 4318 redi-

150 4399 162 4427 ι
184 4379 232 4437 tus
248 4382 299 4440 aut
314 4381 464 4441 utilitatis.
488 4404 498 4434 ιι
