2782 4868
606 313 773 373 -90-

147 489 158 517 ι
179 481 236 526 nec
257 481 320 526 non
340 467 410 539 jure
425 467 530 527 divino
558 486 569 518 e
593 466 725 539 probare
751 467 857 526 tentet.
885 465 1032 526 ostentm
1048 466 1074 526 sl
1100 469 1238 532 ordinem

146 589 294 646 «naturis
310 590 445 661 spectes,
460 600 525 646 non
549 587 652 646 solum
674 586 702 644 el
722 585 897 645 dominium
917 585 1135 664 debetur‚.qnl
1149 590 1235 651 intel-

146 731 157 758 l
178 709 259 768 lectu
280 708 412 783 eminet,
433 712 468 768 ut
488 709 662 770 Aristoteles
682 708 791 767 asserit
811 707 871 781 (l),
900 708 954 767 scd
977 721 1044 768 non
1068 709 1237 780 minusad

144 851 156 881 e
178 831 342 904 imperium
360 830 558 903 requiruntur
576 829 724 890 fortitudo
740 829 780 888 ud
795 829 1018 902 protegendum
1035 833 1065 890 et
1079 833 1153 890 onte
1172 845 1236 892 om·

147 947 387 1024 anie'probites
407 954 437 1010 et
456 952 606 1010 rectitudo
628 952 667 1011 ad
688 950 907 1010 abstinendum
928 950 967 1009 cle
988 950 1155 1025 injuriam
1182 952 1236 1010 lilii

145 1087 157 1119 e
178 1069 246 1141 ipsa
268 1072 365 1130 status
385 1070 563 1129 constitutio
583 1072 613 1129 et
632 1069 871 1129 consuetudines
885 1071 915 1128 et
934 1070 1017 1144 leges
1036 1071 1104 1144 ejus
1126 1071 1235 1131 lunda-

145 1208 160 1237 ι
179 1187 329 1246 mentales
351 1188 498 1261 (simodo
513 1190 595 1262 leges
617 1189 766 1264 appellari
787 1192 975 1264 mereantur)
995 1191 1048 1265 jus
1067 1195 1188 1251 nature
1211 1196 1240 1255 et

147 1331 158 1358 u
181 1309 319 1380 gentium
338 1312 429 1384 plane
447 1313 643 1386 conuellunt,
661 1312 904 1386 luminosam,
926 1310 1042 1370 bellum
1059 1314 1173 1372 contra
1190 1326 1241 1372 eos

148 1451 159 1479 u
177 1429 295 1501 justum
316 1432 434 1490 censeri
456 1431 554 1491 dehet.
578 1432 655 1501 Quid
675 1437 766 1492 uero?
786 1445 863 1491 num
882 1431 1011 1491 existere
1033 1433 1136 1504 potest
1158 1433 1242 1492 natio

148 1572 160 1600 ι
181 1549 284 1622 aliqua
300 1549 350 1609 uel
363 1550 526 1610 hominum
547 1553 646 1610 cretus
668 1551 780 1625 quibus
798 1551 917 1623 justum
935 1550 975 1608 sit
994 1550 1112 1610 bellum
1128 1551 1243 1611 inferre

148 1690 159 1720 ι
182 1670 297 1754 uosque
312 1671 426 1744 injuria
441 1672 544 1746 alique
558 1673 749 1746 precedente
763 1685 831 1745 quae
848 1670 1035 1730 vindicanda
1048 1670 1089 1729 sit
1102 1673 1162 1737 out⁴
1172 1684 1243 1745 pro

151 1811 162 1840 α
184 1768 364 1850 vocatione?
377 1813 389 1843 n
406 1793 513 1852 llultos
526 1793 690 1865 scriptores
700 1792 733 1849 in
748 1791 807 1851 hoc
817 1790 908 1850 refert
921 1789 1103 1851 conuenisse
1116 1793 1227 1850 noster
1236 1761 1251 1856 :A

153 1933 164 1960 υ
189 1915 231 1970 Ex
244 1913 303 1972 hoe
316 1914 419 1973 uidere
433 1915 505 1974 licet
519 1916 663 1974 nationes
673 1915 823 1988 quasdam
839 1915 967 1974 nomine
981 1915 1071 1972 tenus
1087 1911 1246 1984 exsistere,

153 2055 163 2084 «ι
186 2049 252 2108 ‹111ae
263 2033 331 2108 jure
345 2038 501 2111 mensum,
518 2037 572 2095 sed
583 2030 1247 2109 multitudines[autumetexeminepopulo-

152 2177 163 2205 e
185 2169 264 2215 rum.
273 2158 537 2227 Quemadmodum
549 2158 632 2217 enim
642 2158 784 2218 homines
800 2158 925 2231 quidem
938 2160 1012 2216 sunt
1025 2149 1103 2230 quos
1113 2156 1247 2230 ees-leym

153 2275 393 2351 supponemus,
421 2276 585 2351 proscripti
608 2276 724 2337 scilicet
747 2274 902 2349 perleges
925 2274 1030 2334 civiles
1052 2273 1247 2334 diuersarum

153 2418 164 2445 «
185 2397 364 2471 regionum,
381 2399 424 2456 ita
439 2399 531 2456 etlam
546 2397 687 2470 quedam
709 2396 851 2455 nationes
872 2395 944 2454 sunt
957 2393 1088 2467 ee-leyes
1100 2393 1193 2452 iactes
1218 2396 1248 2453 ct

152 2537 163 2568 e
187 2517 365 2589 proscripto
380 2530 434 2590 per
450 2517 521 2590 jura
535 2519 651 2576 neturae
665 2520 695 2574 el
703 2516 840 2588 gentium
861 2516 913 2572 aut
927 2512 1180 2587 permundatum
1195 2512 1249 2571 liei

154 2660 165 2687 «ι
186 2638 447 2698 immediatum...
466 2638 645 2697 sicutenim
659 2630 800 2711 qu‘aedam
815 2635 890 2722 sunt
900 2633 1017 2694 foedera
1033 2635 1066 2692 in
1079 2631 1205 2705 scriptis
1220 2635 1250 2691 ct

154 2778 165 2806 a
187 2756 220 2813 in
232 2730 377 2815 tractatus
388 2755 524 2823 redacta,
535 2756 642 2814 contra
656 2756 760 2814 hostes
775 2753 974 2827 particulares
988 2751 1081 2825 inita,
1097 2751 1141 2810 ite
1155 2752 1248 2810 natu-

158 2874 263 2934 «ralis
284 2879 315 2934 et
334 2877 426 2935 tacite
449 2875 655 2935 confederatio
682 2876 764 2933 inter
785 2886 893 2933 omnes
916 2871 1058 2932 homiues
1082 2865 1250 2930 intercedit

156 3022 168 3050 ι
190 3001 298 3059 contra
312 3012 491 3059 communes
506 2999 657 3059 societatis
677 2998 820 3058 humanm
834 2996 948 3056 hostes.
970 3018 981 3044 υ
1001 2992 1078 3064 Quid
1096 2992 1122 3052 si
1137 2995 1248 3066 praets-

156 3135 207 3180 reo
224 3143 235 3171 s
260 3121 393 3181 ecclesis
404 3120 617 3180 ‘reuniendum
639 3121 680 3179 sit
697 3122 844 3192 tanquam
863 3119 952 3178 retus
970 3114 1079 3175 christi
1098 3114 1250 3188 putrimo-

159 3241 314 3299 «nium...
340 3241 500 3301 liberanda
524 3241 766 3300 christianorum
786 3236 968 3308 multitudo,
998 3236 1079 3293 inter
1097 3233 1250 3293 burburus

160 3384 170 3412 α
193 3363 319 3435 degens.
331 3404 337 3418 .
348 3404 371 3434 .,
384 3361 592 3435 recuperanda
609 3361 678 3420 loce
694 3373 840 3432 sacre...‚
855 3358 931 3416 ultio
948 3355 1099 3430 capienda
1112 3354 1151 3413 de
1164 3353 1250 3414 lilas-

161 3505 171 3533 e
193 3483 324 3555 phemiis
338 3485 391 3542 aut
406 3483 444 3541 de
457 3482 604 3541 effusione
617 3480 777 3552 sauguinis
794 3479 973 3549 Christiani,
986 3475 1126 3550 quemuis
1142 3475 1252 3534 multis

159 3607 274 3664 «retro
295 3605 549 3665 saeeulisiactele
611 3619 612 3624 ¹
682 3610 684 3614 ‘
758 3587 760 3589 ¹

196 3732 237 3785 lte
254 3729 322 3800 quis
342 3727 503 3787 mireture
524 3731 644 3787 Bacono
665 3728 756 3786 talem
777 3738 881 3785 curam
902 3724 982 3783 bello
998 3735 1084 3781 sacro
1105 3720 1255 3779 adversus

158 3853 269 3906 lurcos
285 3850 386 3908 datam
403 3862 478 3909 esse.
491 3852 557 3910 lton
572 3850 662 3908 unice
673 3849 828 3921 religionis
844 3861 935 3907 ceusu
950 3861 1005 3923 pro
1021 3841 1254 3914 sancto-senui-

196 4294 227 4357 ttt
244 4290 336 4358 lolit,
352 4293 443 4360 l.1,e.
459 4297 483 4345 2.
