2782 4868
602 407 771 467 „15-

397 754 399 758 4
495 814 497 823 1
542 687 650 773 iiim
681 689 857 776 mitti,

491 985 534 1030 DE
552 986 643 1033 JURE
663 986 869 1035 competitio.

180 1211 265 1280 Quod
285 1210 389 1283 adjus
405 1211 602 1270 condendum
618 1213 750 1284 spectat,
768 1211 825 1271 trio
839 1212 911 1271 sunt
925 1212 1109 1284 querende:
1128 1211 1228 1284 qualis

143 1328 190 1386 lex
201 1341 266 1386 esse
285 1329 408 1402 debeat,
424 1331 493 1403 quis
508 1343 575 1390 eam
585 1330 679 1403 ieme,
692 1331 761 1402 quis
771 1329 799 1388 ei
810 1343 915 1402 parere
928 1329 1043 1388 debeat.

491 1555 494 1558 ⁷
532 1581 649 1689 unu
680 1604 838 1689 Putitii.

480 1890 588 1962 Qualis
613 1892 661 1948 lece
691 1909 748 1949 esse
776 1892 887 1949 debeat.

179 2105 427 2176 communem
454 2122 528 2170 ussn
556 2123 646 2171 mom
679 2122 828 2170 succuus.
859 2139 890 2150 -
918 2111 1013 2177 Quem
1037 2107 1135 2179 legem
1161 2119 1228 2165 esso

143 2225 292 2298 intelligat
325 2232 463 2290 Baconus
494 2231 565 2288 ante
596 2231 701 2289 omnia
731 2229 894 2287 dicendum
923 2229 980 2286 est.
1014 2232 1036 2285 Α
1065 2242 1125 2300 quo
1155 2240 1227 2284 nus·

143 2356 235 2414 quam
262 2358 329 2403 eam
357 2346 516 2405 definitam
545 2361 611 2405 esse
640 2362 679 2406 ne
709 2347 777 2420 quis
802 2346 952 2404 miretur:
980 2345 1149 2402 nonenim
1177 2343 1228 2400 ille

142 2474 232 2520 merae
261 2463 463 2538 philosophie
495 2467 612 2538 studet,
644 2466 699 2524 sed
725 2466 830 2524 omnia
859 2465 899 2522 ed
926 2477 1017 2523 usum
1047 2462 1170 2522 trahit:
1201 2463 1229 2520 ei

142 2580 235 2650 igitur
249 2584 389 2643 satisfuit
404 2600 599 2646 communem
614 2587 699 2646 verbi
715 2601 840 2645 sensum
852 2587 948 2659 sequi.
963 2585 1146 2658 uonigitur,
1161 2586 1227 2643 ten-

143 2715 234 2774 quam
249 2706 363 2764 Tullius
379 2706 432 2781 (i),
449 2721 516 2767 enm
530 2721 595 2768 esse
609 2731 620 2759 u
633 2711 747 2768 rectam
762 2709 923 2782 rationem,
932 2709 1049 2766 naturae
1064 2720 1230 2779 congruen-

144 2843 156 2870 «
178 2824 248 2897 tem,
265 2825 408 2885 diffusam
417 2827 451 2884 in
462 2842 583 2902 omnes,
601 2829 807 2900 constantem,
819 2826 1035 2898 sempiternam
1052 2847 1063 2876 u
1082 2825 1227 2896 declarem

142 2951 319 3013 quanquam
338 2942 421 3001 enim
431 2958 491 3003 vox
504 2944 558 3002 ille
573 2943 735 3014 magnifice
750 2956 785 3001 ac
800 2942 1012 3014 philosophice
1028 2941 1137 3010 sonat,
1153 2953 1228 3012 pau-

142 3058 206 3116 lum
229 3058 330 3119 tamen
352 3061 389 3121 ab
408 3064 520 3121 usitata
534 3063 660 3121 notione
675 3062 797 3120 recedit.
814 3065 872 3120 Nec
892 3064 997 3119 noster
1009 3074 1065 3133 pro
1089 3059 1169 3118 veris
1192 3073 1228 3118 ac

140 3177 230 3247 justis
245 3176 366 3250 legibus
378 3182 487 3253 accipit
502 3194 609 3239 omnes
621 3182 807 3269 prudentum
823 3179 1006 3250 sementim,
1028 3178 1132 3236 omnia
1149 3178 1230 3249 prin-

144 3296 245 3367 cipum
256 3300 383 3372 piacita,
400 3300 525 3371 perinde
541 3314 576 3358 ac
586 3301 612 3357 si
625 3313 683 3358 usu
700 3299 875 3371 tantumjus
890 3298 1103 3357 constituatur.
1121 3297 1226 3369 AEqct-

143 3419 234 3471 tatem
245 3417 328 3475 enim
335 3422 419 3489 juris
434 3419 465 3476 in
481 3421 546 3490 lege
557 3419 684 3477 deiicere
699 3432 788 3491 posse
804 3420 914 3476 fatetur
930 3419 991 3488 (i):
1008 3429 1043 3475 ea
1064 3429 1136 3475 uero
1153 3414 1224 3474 deii-

142 3536 255 3607 ciente‚
271 3537 368 3608 legem
385 3540 487 3597 tamen
499 3552 564 3597 esse
579 3552 643 3597 non
657 3541 756 3610 negat.

131 3649 137 3658 '
178 3655 264 3713 Tullii
296 3657 507 3717 definitionem
542 3659 722 3731 ampliorem
754 3672 819 3716 esse
848 3657 1153 3716 animadvertendum
1182 3657 1227 3712 est

144 3776 254 3848 quippe
271 3789 337 3848 que
361 3790 467 3835 omnes
482 3779 559 3850 juris
575 3781 675 3849 partes
691 3791 775 3851 aequc
791 3778 1005 3850 amplectatur,
1023 3775 1110 3848 etjus
1128 3774 1225 3845 civile,

177 4169 206 4228 ii)
227 4167 261 4220 [io
273 4166 429 4232 Republica,
452 4181 482 4230 u,
497 4171 538 4221 ii.

126 4304 130 4310 .
176 4259 211 4322 (2)
230 4259 265 4312 De
277 4259 349 4311 Font.
366 4260 448 4324 jorim
462 4261 522 4325 aph.
537 4275 555 4312 1.
575 4281 584 4306 u
599 4262 643 4313 Est
654 4264 742 4314 autom
756 4264 781 4313 ct
797 4261 837 4312 uis
852 4259 972 4326 quaedam
985 4259 1072 4324 legem
1083 4259 1222 4323 simulem,

145 4368 155 4394 α
176 4353 201 4403 ci
216 4348 259 4404 lox
272 4350 400 4404 nonnulla
416 4352 501 4415 magis
513 4352 567 4406 uim
578 4353 773 4419 sapiensquam
790 4351 938 4419 neptitatem
951 4351 1028 4415 juris.
1053 4373 1062 4394 o
