2782 4868
620 368 787 432 ...95-

158 536 169 577 6
190 525 286 597 sunt,
299 524 455 596 penetret?
480 545 492 576 t
516 527 582 584 tlon
607 525 731 599 quidem
755 525 918 599 questioni
944 538 1127 601 responsum
1143 530 1188 589 est
1209 529 1243 590 in

151 645 284 720 metopo
299 664 307 703 ε
327 647 462 706 attamen
478 660 516 706 ex
534 645 642 706 ceteris
660 647 759 707 nostri
778 646 866 707 libris
882 647 985 720 colligi
1003 650 1105 722 potest
1119 650 1244 712 eumad

149 767 422 833 mansuetudinem
444 781 634 840 propensum
664 767 773 843 tuisse,
800 782 858 829 nec
882 768 944 828 nisi
967 769 1241 843 spiritualemgla·

149 887 245 954 dium
262 887 302 948 ad
315 889 546 963 propagandam
566 889 765 950 christianam
779 890 957 963 religionem
970 892 1076 965 aptum
1087 891 1128 950 *ei
1142 889 1243 952 uisum

150 1007 287 1096 essert).
337 1058 339 1063 a
439 1061 442 1064 ,
503 1063 506 1066 ⁴
548 1049 552 1055 -
944 1080 945 1084 ¹

188 1129 408 1197 1116616666)
439 1140 484 1188 ,on
514 1141 593 1190 sunu
621 1102 772 1192 scnlrstr'
795 1141 934 1193 alconus
970 1143 1011 1190 66
1037 1143 1244 1193 onnlsututtos

150 1255 279 1305 ruuruu
303 1257 475 1306 66666666.
495 1277 528 1288 -
548 1250 610 1307 lloc
626 1246 660 1306 in
675 1247 775 1321 capite
789 1247 879 1306 facile
891 1246 1073 1319 intelligitur
1085 1259 1151 1306 non
1164 1246 1245 1306 inter

151 1377 260 1425 omnes
275 1367 380 1438 gentes
390 1365 442 1440 ius
458 1366 543 1439 quod
559 1366 670 1427 dicitur
684 1366 822 1439 gentium
837 1381 919 1440 esse,
939 1366 966 1426 si
982 1370 1103 1428 Bacono
1118 1366 1242 1427 creden-

150 1481 238 1543 dum.
252 1483 391 1546 uidimus
399 1484 473 1558 quid
484 1484 523 1544 de
540 1498 630 1560 pace,
641 1485 679 1544 de
687 1485 832 1561 coloniis,
847 1485 886 1544 de
900 1485 1001 1547 causis
1009 1485 1098 1558 helii,
1115 1483 1243 1544 debello

149 1601 220 1673 ipso
235 1601 287 1661 ille
300 1602 470 1676 scripserit,
487 1603 615 1664 nonnisi
631 1603 712 1663 inter
723 1603 914 1663 christianos
925 1603 977 1677 jus
989 1603 1132 1676 legesque
1144 1602 1245 1675 uigere

147 1721 271 1795 jubens.
292 1725 377 1784 vetat
394 1726 492 1800 enim,
508 1725 563 1784 uiri
577 1726 683 1786 sedere
698 1726 870 1800 inceperint
890 1724 1053 1784 christiani
1067 1724 1185 1798 coloni,
1207 1737 1243 1784 eo

151 1841 308 1902 coloniam
326 1842 453 1918 deduci,
469 1843 641 1904 christiano
657 1858 732 1904 sane
744 1844 823 1919 jnre.
839 1847 906 1904 Non
922 1845 1024 1904 autem
1042 1843 1093 1918 jus
1105 1842 1243 1915 gentium

151 1960 254 2021 olrstat
269 1963 345 2035 quin
360 1975 498 2036 paganus
513 1976 585 2034 ager
600 1965 784 2036 occupetur:
808 1986 825 2014 a
841 1963 1012 2023 llemiuisse
1026 1962 1173 2022 debueras
1187 1962 1242 2022 ho·

152 2103 167 2134 6
188 2082 289 2142 mines
308 2083 469 2143 siluestres
485 2086 515 2142 et
532 2097 616 2144 mere
628 2084 777 2144 narnmos
799 2083 916 2145 similes
931 2096 999 2144 esse
1011 2082 1119 2142 hestiis
1133 2083 1164 2141 et
1177 2081 1240 2142 aui·

152 2223 165 2255 o
186 2202 259 2278 irus,
277 2215 345 2276 uuae
360 2203 433 2261 ferse
457 2205 530 2262 sunt
543 2205 677 2279 nature,
704 2217 835 2278 quarum
856 2204 1027 2278 proprietas
1048 2202 1161 2278 (qualis
1177 2214 1244 2261 esse

150 2344 164 2376 ι
186 2306 297 2396 potest)
322 2321 551 2395 possessionem
565 2323 702 2395 sequitur
721 2323 752 2380 et
777 2322 940 2394 occupanti
963 2320 1142 2380 conceditur
1155 2317 1205 2392 (t).
1226 2339 1242 2371 o

150 2441 303 2512 Quicum
318 2440 421 2500 iureis
442 2440 595 2512 agendum
611 2441 697 2513 putet
720 2443 859 2501 decorus
882 2440 976 2500 modo
1001 2439 1154 2499 diximus:
1177 2439 1242 2514 jam

150 2562 327 2622 societatem
354 2560 524 2635 qrramdam
547 2533 792 2622 Christianomm
815 2575 881 2621 esse
910 2561 1076 2637 existimat,
1102 2562 1242 2636 quisquis

149 2687 253 2744 autem
267 2682 334 2757 ejus
344 2681 378 2740 in
393 2683 512 2755 partem
527 2695 592 2740 non
606 2682 739 2757 venerit,
752 2682 821 2757 jure
835 2695 897 2756 quo
916 2681 1025 2741 rivum
1043 2680 1089 2741 illi
1114 2693 1179 2741 non
1196 2681 1242 2740 uti

148 2801 268 2866 debere.
284 2801 487 2867 Humanitatis
501 2801 573 2876 jura
587 2811 656 2862 non'
666 2803 796 2862 omnino
809 2803 876 2869 uult
892 2803 1034 2862 sublata:
1054 2801 1110 2861 illa
1127 2800 1241 2861 seruari

150 2921 227 2984 satis
240 2925 303 2982 est..
358 2939 360 2942 ’

187 3042 496 3104 Animadvertendum
504 3046 551 3105 est
560 3044 693 3104 similem
703 3042 931 3103 distinctionem
941 3043 973 3101 in
981 3041 1139 3116 depomtco
1147 3044 1242 3102 Plato·

150 3163 407 3238 nisolrtinerettl).
423 3165 477 3225 llle
492 3164 597 3224 mitius
612 3164 693 3223 inter
707 3165 824 3221 Graecos
833 3161 1018 3233 bellumgerl
1029 3161 1126 3235 cupit,
1136 3162 1240 3234 prolri·

149 3279 202 3339 het
223 3295 264 3340 ne
286 3281 459 3355 spolientur
472 3281 601 3355 mortui,
619 3293 659 3339 ne
678 3279 783 3338 hostes
801 3291 855 3338 eos
876 3277 1004 3352 sepelire
1022 3279 1181 3353 vetentur,
1202 3292 1242 3338 ne

149 3400 223 3460 uicti
241 3402 405 3476 exercitus,
427 3401 597 3476 prasertim
611 3403 795 3476 Graecorum,
819 3412 906 3459 arma
919 3399 953 3459 ln
976 3398 1099 3472 templis
1111 3412 1240 3472 suspen·

151 3521 281 3593 dantur,
306 3537 346 3582 ne
359 3527 519 3585 vastentur
541 3527 707 3585 uranturve
729 3523 810 3597 agri,
834 3525 921 3596 rapta
943 3525 1063 3582 tantum
1081 3520 1242 3595 presentis

150 3637 230 3697 armi
247 3640 364 3710 segete;
388 3640 448 3699 isto
464 3641 559 3700 modo
572 3641 654 3700 cives
672 3640 834 3700 Platonica
855 3639 986 3698 ciuitatis
1001 3651 1034 3696 se
1048 3651 1118 3696 cum
1133 3634 1240 3695 ceteris

150 3756 259 3817 Grecis
276 3772 379 3829 gerere
395 3759 520 3835 dehere,
541 3773 611 3820 cum
625 3759 763 3819 barbaris
784 3773 856 3819 uero
872 3772 937 3819 non
953 3758 1040 3818 aliter
1052 3758 1142 3828 atque
1156 3766 1238 3814 nuno

185 4165 218 4229 (ll
240 4166 381 4219 Sermones
394 4164 502 4231 ssdeles,
516 4180 557 4220 tlt.
568 4192 600 4209 ψ
616 4165 652 4219 llo
668 4166 769 4221 Uulteio
785 4163 920 4229 Ecclesiae,
936 4165 959 4216 l.

187 4257 217 4320 (tl
238 4257 361 4324 Dialogus
377 4258 410 4311 de
429 4256 500 4312 Bello
514 4271 606 4321 sacro,
624 4259 662 4312 tt.

188 4348 218 4412 rt)
240 4347 293 4402 Lib.
315 4363 345 4401 u.
