2782 4868
555 409 745 472 —159-

495 715 603 799 lllll
633 715 799 800 tllllls

482 1042 624 1089 111111
653 1040 807 1106 1551115.

137 1297 246 1368 Quanti
267 1295 377 1356 1515151
398 1297 450 1369 jus
468 1295 571 1356 doceri
599 1297 650 1356 vix
665 1308 765 1368 opere
785 1293 918 1367 pretium
937 1295 982 1354 est
995 1293 1128 1354 breviter
1141 1308 1191 1352 cx·

102 1430 227 1491 ponere.
243 1415 319 1475 Hinc
334 1416 419 1474 eninr
430 1416 493 1475 fere
507 1417 626 1475 nullam
636 1416 728 1474 habet
743 1415 1024 1489 auctoritatemjns,
1043 1414 1080 1488 si,
1096 1428 1192 1488 quan-

104 1539 170 1595 tum
184 1551 232 1595 res
246 1550 382 1610 presens
399 1536 514 1609 exigat,
530 1535 557 1594 ei
574 1536 696 1594 studere
713 1535 840 1607 coeperit
854 1537 907 1593 aut
919 1533 1014 1607 judex
1034 1534 1191 1592 51115115-

102 1658 210 1729 catus,
233 1656 266 1714 bi
288 1657 411 1728 autem,
428 1668 528 1727 quum
542 1669 607 1713 non
624 1655 663 1713 ad
685 1667 794 1714 omnes
813 1667 921 1712 causas
935 1653 1034 1726 parati
1049 1652 1131 1723 sint,
1154 1665 1194 1710 ne

103 1777 204 1836 sciant
223 1777 348 1850 quidem
369 1790 431 1849 qua
447 1777 496 1835 lex
517 1776 554 1834 de
574 1789 607 1833 re
629 1776 760 1846 statuat,
776 1773 892 1832 nedum
911 1787 979 1833 eam
1001 1787 1072 1832 cum
1086 1772 1193 1831 ceteris

103 1894 245 1953 conferre
260 1895 404 1967 quodque
419 1894 452 1952 in
464 1894 525 1953 illa
539 1896 591 1953 aut
610 1893 800 1952 desideretur
814 1895 866 1951 aut
881 1893 1045 1952 obscurum
1061 1891 1101 1949 sit
1120 1904 1192 1950 con-

105 2017 264 2076 venienter
285 2017 347 2090 juri
366 2023 419 2076 aut
442 2016 584 2097 supplere
605 2019 658 2075 aut
681 2016 835 2076 illustrare
856 2017 979 2088 queant.
996 2014 1084 2074 llliuc
1106 2013 1193 2072 nullo

103 2138 197 2197 modo
215 2137 380 2210 quisquam
401 2150 441 2195 an
453 2136 566 2210 judex,
582 2151 623 2196 an
641 2137 806 2197 advocatus
822 2150 888 2195 esse
903 2135 1002 2208 possit
1020 2134 1095 2193 55115
1110 2147 1191 2193 com-

104 2257 226 2328 pertum
246 2260 310 2329 cst,
328 2256 390 2314 nisi
407 2256 445 2315 ab
459 2257 513 2316 illo
529 2257 631 2315 studia
644 2259 857 2329 reposcantur,
877 2267 944 2327 que
965 2252 1100 2325 aliquem
1116 2249 1195 2323 juris

103 2359 264 2431 scientiam
278 2371 311 2428 in
326 2371 387 2431 hoc
402 2386 474 2433 5555,
487 2374 668 2444 argumento
688 2372 761 2430 sint.

139 2493 262 2552 Duobus
274 2495 376 2552 autem
386 2493 489 2552 modis
505 2494 630 2554 docetur
638 2493 699 2567 Jus,
716 2495 770 2551 aut
783 2490 1009 2563 alegumlatore
1019 2491 1072 2549 aut
1086 2503 1104 2547 a
1117 2501 1193 2562 prae·

104 2614 686 2689 55115111155555511111151511115
705 2629 745 2674 ne
758 2616 959 2687 preceptores
979 2612 1137 2684 deessent,
1154 2624 1193 2668 ne

103 2745 213 2806 pamm
232 2731 362 2790 fideliter
383 2733 421 2792 ab
445 2735 527 2809 illis,
543 2735 625 2808 quod
646 2735 712 2808 ipse
732 2733 923 2807 condiderit,
941 2733 1111 2793 5511515111
1122 2730 1190 2803 jus,

106 2849 204 2910 libros
226 2850 377 2926 quosdam
400 2851 570 2908 5551115155·
592 2850 719 2921 scribit,
745 2850 785 2909 ad
805 2862 896 2909 usum
918 2847 1104 2907 scholarum.
1125 2848 1191 2904 Non

104 2973 346 3032 tamencmedio
357 2973 507 3036 tolluntur
518 2975 729 3046 preceptores,
751 2971 923 3030 sedducem
935 2969 1021 3042 sequi
1032 2967 1192 3039 coguntur,

104 3106 168 3151 non
176 3092 236 3166 ipsi
247 3093 341 3152 duces
356 3107 422 3152 esse
436 3095 577 3167 possunt.
593 3096 651 3150 Cur
665 3091 875 3150 institutiones
886 3089 978 3149 scribi
987 3087 1114 3161 jusserit
1127 3089 1193 3144 Jus-

106 3213 243 3272 tinianus
264 3214 330 3286 ipsc
350 3214 501 3287 declarat,
523 3213 665 3286 cupidam
682 3211 782 3284 teporo
795 3210 1027 3283 jttveotctcmin
1042 3205 1194 3281 proemio

106 3331 275 3391 allocutus:
289 3353 301 3384 c
314 3337 454 3407 litonum
465 3333 686 3415 sacratissimas
700 3318 935 3390 constitutiones
949 3334 1040 3390 antea
1049 3329 1195 3389 confusas

109 3471 120 3499 1
142 3450 175 3509 in
196 3452 384 3512 luculentam
403 3453 554 3512 ereximus
573 3451 825 3524 consonantiam,
844 3451 910 3508 tum
929 3453 1067 3508 nostram
1088 3449 1193 3506 ‚exten-

107 3588 119 3614 a
141 3568 244 3628 dimus
268 3582 374 3628 curam
393 3568 433 3628 ad
457 3570 610 3628 immensa
630 3569 741 3629 veteris
767 3567 938 3640 pmdentiae
959 3565 1137 3635 volumina,
1167 3565 1196 3621 et

108 3706 120 3735 1
141 3698 218 3756 opus
244 3686 458 3759 desperatum,
484 3688 572 3758 quasi
605 3699 660 3758 per
692 3682 829 3742 medium
856 3681 1046 3754 profundum
1066 3681 1193 3751 euntes,

107 3825 120 3854 o
142 3805 257 3864 coelesti
271 3805 375 3867 favore
388 3806 453 3879 jam
468 3805 723 3878 adimplevimus,
740 3814 895 3876 quumque
910 3802 970 3860 boc
985 3803 1045 3860 beo
1060 3786 1194 3872 propitio

109 3942 120 3973 1
141 3927 299 3996 peractum
318 3927 374 3998 est,
390 3925 618 3984 triboniano...
641 3937 764 3983 necnon
779 3921 944 3994 rheopbito
960 3921 989 3978 et
1002 3919 1193 3978 borotbco...

108 4063 122 4092 1
143 4045 330 4119 convocatis,
345 4045 563 4105 mandavimus
573 4043 744 4118 specialiter
756 4044 791 4102 ut
806 4039 1110 4113 nostraauctoritate,
1122 4051 1194 4097 nos·

109 4183 120 4213 o
142 4162 257 4236 trisque
294 4164 490 4224 suasionibus
524 4162 732 4222 institutiones
761 4149 1005 4233 componerent,
1045 4157 1080 4215 ut
1108 4155 1197 4215 liceat

110 4302 121 4330 1
142 4282 231 4341 vobis
246 4282 347 4355 prima
361 4283 463 4356 legum
484 4283 637 4343 cunabula
654 4296 719 4341 non
739 4280 777 4341 ab
798 4251 932 4352 51115115
945 4275 1058 4338 fabulis
1069 4274 1195 4346 discere,

112 4427 123 4452 1
144 4403 198 4461 551
209 4403 246 4461 ab
259 4404 408 4477 imperiali
424 4403 586 4477 splendore
598 4405 749 4476 appetere,
766 4403 795 4458 et
810 4403 872 4459 tam
883 4411 971 4459 aures
981 4409 1073 4471 quam
1085 4395 1195 4466 anima
