2782 4868
609 334 779 394 ..qq-

145 491 240 550 iuisse
257 487 457 547 libentissime
474 486 704 558 animadvertit,
726 488 1013 558 consentaneosque
1033 496 1100 544 esse
1122 488 1244 548 natura

145 609 222 683 legi,
238 608 326 681 cujus
341 608 380 666 sit
397 607 523 681 jubere,
538 621 603 666 non
619 607 791 680 disputare,
808 606 909 678 negat.
926 608 1026 675 Quum
1043 607 1187 682 tempora
1200 611 1242 669 is·

146 733 193 790 tos
216 733 393 804 reposcant,
419 743 484 789 non
503 730 633 789 omnino
658 742 711 789 eos
734 729 801 788 tolli
822 726 963 802 requirit,
989 728 1059 803 sed,
1085 732 1242 802 quantum

145 846 212 907 lieri
234 847 349 922 possit,
371 845 465 918 tepens
489 849 618 920 incipere
638 862 659 902 c
669 849 805 919 jussione
830 846 924 918 cupit.
940 847 980 903 Ex
997 844 1134 918 prologis
1153 847 1242 904 enim

144 967 248 1026 multae
263 964 457 1024 difficultates
476 963 510 1021 in
525 963 777 1038 interpretatione
790 963 866 1036 logis
876 963 1030 1036 oriuntur,
1046 977 1143 1038 quum
1158 965 1244 1024 inter

145 1098 178 1144 se
200 1097 437 1157 nonnumquam
461 1097 599 1157 pugnare
618 1083 795 1159 videantur,
816 1085 880 1143 iere
897 1097 1003 1157 parem
1023 1085 1241 1145 auctoritatem

145 1205 304 1276 usurpent.

180 1319 257 1378 llalo
273 1319 415 1395 equidem
431 1320 620 1380 Platonicam
630 1322 814 1380 sententiam
825 1320 880 1394 (l),
892 1334 1047 1395 quumque
1057 1319 1242 1396 legeslustoe

146 1450 212 1496 esse
227 1436 372 1509 debeant,
387 1451 483 1510 quum
492 1450 534 1496 eae
544 1437 607 1495 sint
618 1437 728 1512 qulbus
744 1439 849 1499 deceat
863 1438 1006 1498 hominos
1017 1483 1025 1512 ,
1037 1453 1103 1499 non
1115 1441 1240 1498 tantum

145 1559 191 1633 vi,
209 1558 263 1616 sed
273 1548 380 1630 ‘potius
394 1558 513 1617 ratione
523 1560 647 1645 coactos
662 1570 786 1633 parere,
802 1559 862 1617 boo
875 1558 953 1617 mibi
965 1558 1087 1619 videtur
1101 1571 1174 1617 cum
1190 1558 1239 1618 di·

145 1680 260 1752 gnitate
275 1680 471 1754 tumlegum,
487 1680 553 1739 tum
569 1679 733 1738 hominum
750 1679 914 1739 conuenire
928 1680 1036 1739 utilia
1053 1694 1118 1739 non
1133 1681 1240 1741 feran-

146 1802 204 1869 tur,
220 1799 281 1857 nisi
297 1801 388 1859 antea
398 1800 533 1872 aequitati
549 1813 701 1872 congruas
711 1812 778 1857 esse
792 1812 843 1858 eas
857 1799 1021 1872 probatum
1035 1798 1085 1859 sit.
1101 1800 1185 1861 Nihil
1194 1804 1242 1860 est

145 1918 196 1976 cui
219 1930 326 1991 parere
347 1916 479 1977 debeant
496 1918 660 1992 hominos,
681 1917 742 1976 nisi
765 1918 878 1977 rationi
895 1936 903 1976 :
918 1931 1023 1978 nonna
1039 1931 1107 1977 eam
1124 1918 1238 1997 legem,

146 2039 195 2097 cui
216 2052 323 2113 parere
344 2038 502 2112 jubentur,
526 2039 655 2098 rationis
683 2039 861 2112 participem
885 2051 950 2098 esse
979 2038 1112 2098 docendi
1140 2043 1239 2100 sunta

145 2160 234 2218 Nulla
247 2160 295 2217 lex
310 2160 392 2232 apud
410 2172 470 2218 nos
484 2159 591 2232 fertur,
612 2159 661 2218 oui
679 2173 744 2218 non
766 2161 913 2232 tanquam
931 2159 1078 2232 prologus
1098 2160 1153 2234 sit,
1172 2173 1240 2221 una

145 2293 215 2339 cunr
235 2279 346 2338 illaad
364 2279 480 2350 legatos
504 2278 649 2352 perlatus.
674 2275 821 2340 Nolumus
846 2281 949 2338 tamen
968 2280 1142 2352 longiorem
1168 2295 1238 2341 asse

146 2410 320 2457 sermonem
345 2399 457 2473 istum,
479 2399 620 2471 quamvis
640 2397 767 2472 longum
792 2413 859 2459 essa
878 2398 1061 2474 quidquam,
1076 2398 1237 2461 sibonum

146 2514 201 2585 sit,
222 2517 311 2586 neget
328 2515 412 2573 Plato
430 2535 436 2571 :
454 2510 519 2574 non
537 2517 620 2575 enim
639 2517 715 2588 legis
731 2520 792 2592 est,
809 2521 844 2577 ut
861 2519 975 2592 optimc
993 2520 1070 2578 dixit
1084 2525 1237 2597 Baconus,

147 2634 322 2708 disputare3
339 2636 413 2695 satis
423 2639 470 2694 esi
482 2637 516 2694 in
528 2651 563 2697 eo
579 2638 679 2710 oapita
697 2652 799 2698 rerum
813 2642 996 2714 praestringi.
1012 2643 1156 2715 Exemplo
1172 2644 1238 2702 sint

146 2756 265 2828 prologi
279 2757 400 2830 legum,
416 2771 483 2829 quae
494 2758 526 2816 in
538 2759 679 2818 codicem
694 2761 819 2820 Civilem
829 2765 971 2820 nostrum
986 2764 1098 2822 abactae
1113 2766 1197 2822 sunt.

183 2874 269 2944 Quod
283 2876 310 2932 si
329 2875 408 2934 nihil
422 2876 506 2934 alind
530 2878 563 2935 in
587 2879 714 2950 prologo
733 2892 825 2951 qnam
851 2859 1015 2939 suadeatur
1036 2880 1105 2954 lex,
1131 2881 1235 2941 nullas

146 2993 220 3050 hinc
236 2993 376 3053 tenebras
398 2995 528 3053 orituros
548 3009 614 3054 esse
635 3000 764 3056 constal.
783 2999 838 3057 sed
856 2998 994 3072 plerique
1007 2999 1068 3059 buc
1082 3001 1233 3074 exempla,

146 3113 337 3185 exceptiones
347 3114 481 3173 inserere
492 3116 592 3175 solent
608 3136 614 3172 :
633 3116 704 3174 inde
718 3117 890 3176 obscuritas
901 3161 909 3191 ,
921 3117 994 3175 inde
1005 3118 1231 3176 controversia.

180 3231 231 3286 Est
245 3232 348 3304 enim,
364 3236 398 3291 ut
413 3233 455 3292 aii
469 3236 584 3307 noster,
615 3257 625 3285 ιι
647 3249 743 3306 genus
760 3237 978 3309 praescribendi
992 3237 1172 3310 legesvalde
1187 3237 1232 3298 vi-

148 3369 158 3395 ιι
182 3347 294 3405 liosum
307 3392 315 3421 ,
327 3363 422 3421 quum
434 3350 550 3410 scillcet
564 3366 653 3411 casus
663 3354 702 3412 ad
718 3369 809 3428 quem
822 3357 870 3414 lex
885 3331 1036 3432 collimat,
1051 3356 1119 3415 tuse
1132 3359 1232 3430 expri-

147 3485 157 3513 ιι
178 3465 271 3523 mitur
285 3465 318 3524 in
336 3469 545 3542 praeambulo,
561 3471 673 3530 deinde
690 3486 725 3530 ax
740 3475 770 3531 vi
783 3475 867 3535 verbi
888 3477 957 3536 talis
977 3480 1029 3536 ant
1051 3478 1231 3551 hujusmodi

145 3599 157 3629 ι
180 3580 315 3654 relativi,
342 3596 453 3654 eorpus
478 3585 554 3656 legis
577 3590 656 3646 retro
681 3589 807 3647 vertitur
830 3591 864 3649 in
887 3593 1132 3664 praeambulum:
1149 3595 1248 3653 unde·

146 3719 158 3745 ι
178 3698 400 3768 praeambulum
417 3699 562 3761 inseritur
575 3705 605 3762 et
624 3705 838 3778 incorporatur
853 3709 913 3782 ipsi
929 3710 1001 3783 legi,
1019 3711 1102 3783 quod
1116 3715 1146 3770 et
1161 3711 1229 3771 obs-

144 3834 155 3862 ιι
178 3829 283 3875 curum
296 3821 341 3877 est
351 3822 380 3877 ct
390 3819 493 3879 minus
505 3825 618 3898 tutum,
636 3826 782 3898 quianon
795 3828 901 3887 eadam
920 3829 1058 3890 adhiberi
1072 3831 1231 3890 consuevit
