<?xml version="1.0" encoding="UTF-8"?>
<!DOCTYPE html PUBLIC "-//W3C//DTD XHTML 1.0 Transitional//EN"
    "http://www.w3.org/TR/xhtml1/DTD/xhtml1-transitional.dtd">
<html xmlns="http://www.w3.org/1999/xhtml" xml:lang="en" lang="en">
 <head>
  <title>
</title>
<meta http-equiv="Content-Type" content="text/html;charset=utf-8" />
  <meta name='ocr-system' content='tesseract 3.04.00' />
  <meta name='ocr-capabilities' content='ocr_page ocr_carea ocr_par ocr_line ocrx_word'/>
</head>
<body>
  <div class='ocr_page' id='page_1' title='image "./dejureapudfranc00desjgoog_0069.png"; bbox 0 0 2782 4868; ppageno 0'>
   <div class='ocr_carea' id='block_1_1' title="bbox 610 316 778 376">
    <p class='ocr_par' dir='ltr' id='par_1_1' title="bbox 610 316 778 376">
     <span class='ocr_line' id='line_1_1' title="bbox 610 316 778 376; baseline 0.012 -18"><span class='ocrx_word' id='word_1_1' title='bbox 610 316 778 376; x_wconf 81' lang='grc'>..60-</span> 
     </span>
    </p>
   </div>
   <div class='ocr_carea' id='block_1_2' title="bbox 146 468 1244 3771">
    <p class='ocr_par' dir='ltr' id='par_1_2' title="bbox 146 468 1242 1488">
     <span class='ocr_line' id='line_1_2' title="bbox 149 468 1242 543; baseline 0.007 -16"><span class='ocrx_word' id='word_1_2' title='bbox 149 469 290 543; x_wconf 87' lang='lat' dir='ltr'><strong>mutatis,</strong></span> <span class='ocrx_word' id='word_1_3' title='bbox 312 479 436 527; x_wconf 88' lang='lat' dir='ltr'><strong>manere</strong></span> <span class='ocrx_word' id='word_1_4' title='bbox 458 468 616 529; x_wconf 83' lang='lat' dir='ltr'><strong>vocabula.</strong></span> <span class='ocrx_word' id='word_1_5' title='bbox 647 473 782 529; x_wconf 83' lang='lat' dir='ltr'><strong>Potestas</strong></span> <span class='ocrx_word' id='word_1_6' title='bbox 807 470 892 528; x_wconf 88' lang='lat' dir='ltr'><strong>enim</strong></span> <span class='ocrx_word' id='word_1_7' title='bbox 919 471 1020 543; x_wconf 79' lang='lat' dir='ltr'><strong>regia,</strong></span> <span class='ocrx_word' id='word_1_8' title='bbox 1042 474 1161 533; x_wconf 91' lang='lat' dir='ltr'><strong>sensim</strong></span> <span class='ocrx_word' id='word_1_9' title='bbox 1183 476 1242 535; x_wconf 86' lang='lat' dir='ltr'><strong>lm-</strong></span> 
     </span>
     <span class='ocr_line' id='line_1_3' title="bbox 148 591 1242 672; baseline 0.005 -22"><span class='ocrx_word' id='word_1_10' title='bbox 148 591 284 665; x_wconf 89' lang='lat' dir='ltr'><strong>minuta,</strong></span> <span class='ocrx_word' id='word_1_11' title='bbox 304 591 501 663; x_wconf 80' lang='lat' dir='ltr'><strong>magnificum</strong></span> <span class='ocrx_word' id='word_1_12' title='bbox 531 605 621 664; x_wconf 89' lang='lat' dir='ltr'><strong>quem</strong></span> <span class='ocrx_word' id='word_1_13' title='bbox 644 594 735 652; x_wconf 91' lang='lat' dir='ltr'><strong>antea</strong></span> <span class='ocrx_word' id='word_1_14' title='bbox 764 592 872 651; x_wconf 90' lang='lat' dir='ltr'><strong>hahuit</strong></span> <span class='ocrx_word' id='word_1_15' title='bbox 896 605 1071 652; x_wconf 87' lang='lat' dir='ltr'><strong>sermonem</strong></span> <span class='ocrx_word' id='word_1_16' title='bbox 1094 591 1242 672; x_wconf 75' lang='lat' dir='ltr'>retinuit,</span> 
     </span>
     <span class='ocr_line' id='line_1_4' title="bbox 147 712 1240 788; baseline 0.003 -17"><span class='ocrx_word' id='word_1_17' title='bbox 147 712 383 786; x_wconf 83' lang='lat' dir='ltr'><strong>parliamentum</strong></span> <span class='ocrx_word' id='word_1_18' title='bbox 402 712 570 787; x_wconf 88' lang='lat' dir='ltr'><strong>humilem,</strong></span> <span class='ocrx_word' id='word_1_19' title='bbox 598 715 633 771; x_wconf 89' lang='lat' dir='ltr'><strong>ut</strong></span> <span class='ocrx_word' id='word_1_20' title='bbox 652 713 717 786; x_wconf 85' lang='lat' dir='ltr'><strong>jam</strong></span> <span class='ocrx_word' id='word_1_21' title='bbox 743 727 775 771; x_wconf 91' lang='lat' dir='ltr'><strong>re</strong></span> <span class='ocrx_word' id='word_1_22' title='bbox 802 713 836 770; x_wconf 90' lang='lat' dir='ltr'><strong>in</strong></span> <span class='ocrx_word' id='word_1_23' title='bbox 864 713 981 785; x_wconf 87' lang='lat' dir='ltr'><strong>partem</strong></span> <span class='ocrx_word' id='word_1_24' title='bbox 1003 726 1107 772; x_wconf 87' lang='lat' dir='ltr'><strong>rernm</strong></span> <span class='ocrx_word' id='word_1_25' title='bbox 1137 715 1240 788; x_wconf 88' lang='lat' dir='ltr'><strong>puhli-</strong></span> 
     </span>
     <span class='ocr_line' id='line_1_5' title="bbox 147 832 1240 907; baseline 0.003 -17"><span class='ocrx_word' id='word_1_26' title='bbox 147 845 252 891; x_wconf 91' lang='lat' dir='ltr'><strong>carum</strong></span> <span class='ocrx_word' id='word_1_27' title='bbox 277 832 512 891; x_wconf 73' lang='lat' dir='ltr'>parliamentum</span> <span class='ocrx_word' id='word_1_28' title='bbox 535 834 670 907; x_wconf 87' lang='lat' dir='ltr'><strong>veniret,</strong></span> <span class='ocrx_word' id='word_1_29' title='bbox 693 833 786 893; x_wconf 82' lang='lat' dir='ltr'><strong>uerbo</strong></span> <span class='ocrx_word' id='word_1_30' title='bbox 801 832 879 891; x_wconf 89' lang='lat' dir='ltr'><strong>nihil</strong></span> <span class='ocrx_word' id='word_1_31' title='bbox 894 835 984 892; x_wconf 89' lang='lat' dir='ltr'><strong>esset.</strong></span> <span class='ocrx_word' id='word_1_32' title='bbox 1000 833 1087 902; x_wconf 83' lang='lat' dir='ltr'><strong>Quod</strong></span> <span class='ocrx_word' id='word_1_33' title='bbox 1104 847 1156 893; x_wconf 91' lang='lat' dir='ltr'><strong>res</strong></span> <span class='ocrx_word' id='word_1_34' title='bbox 1174 848 1240 895; x_wconf 86' lang='lat' dir='ltr'><strong>ver-</strong></span> 
     </span>
     <span class='ocr_line' id='line_1_6' title="bbox 146 951 1242 1026; baseline -0.001 -15"><span class='ocrx_word' id='word_1_35' title='bbox 146 953 245 1026; x_wconf 86' lang='lat' dir='ltr'><strong>haque</strong></span> <span class='ocrx_word' id='word_1_36' title='bbox 268 953 347 1012; x_wconf 91' lang='lat' dir='ltr'><strong>inter</strong></span> <span class='ocrx_word' id='word_1_37' title='bbox 372 967 404 1011; x_wconf 91' lang='lat' dir='ltr'><strong>se</strong></span> <span class='ocrx_word' id='word_1_38' title='bbox 431 955 634 1025; x_wconf 79' lang='lat' dir='ltr'><strong>pugnaverint</strong></span> <span class='ocrx_word' id='word_1_39' title='bbox 661 952 806 1026; x_wconf 88' lang='lat' dir='ltr'><strong>poenituit</strong></span> <span class='ocrx_word' id='word_1_40' title='bbox 834 951 1015 1024; x_wconf 81' lang='lat' dir='ltr'><strong>Britannos,</strong></span> <span class='ocrx_word' id='word_1_41' title='bbox 1045 953 1090 1010; x_wconf 90' lang='lat' dir='ltr'><strong>tot</strong></span> <span class='ocrx_word' id='word_1_42' title='bbox 1120 965 1242 1011; x_wconf 89' lang='lat' dir='ltr'><strong>errores</strong></span> 
     </span>
     <span class='ocr_line' id='line_1_7' title="bbox 146 1071 1239 1149; baseline 0.001 -18"><span class='ocrx_word' id='word_1_43' title='bbox 146 1074 219 1132; x_wconf 89' lang='lat' dir='ltr'><strong>inde</strong></span> <span class='ocrx_word' id='word_1_44' title='bbox 239 1076 336 1135; x_wconf 88' lang='lat' dir='ltr'><strong>coorti</strong></span> <span class='ocrx_word' id='word_1_45' title='bbox 350 1077 433 1134; x_wconf 92' lang='lat' dir='ltr'><strong>sunt.</strong></span> <span class='ocrx_word' id='word_1_46' title='bbox 452 1074 548 1134; x_wconf 84' lang='lat' dir='ltr'><strong>verba</strong></span> <span class='ocrx_word' id='word_1_47' title='bbox 565 1075 664 1149; x_wconf 89' lang='lat' dir='ltr'><strong>enim,</strong></span> <span class='ocrx_word' id='word_1_48' title='bbox 680 1078 827 1147; x_wconf 87' lang='lat' dir='ltr'><strong>tanquam</strong></span> <span class='ocrx_word' id='word_1_49' title='bbox 847 1087 931 1145; x_wconf 92' lang='lat' dir='ltr'><strong>rem,</strong></span> <span class='ocrx_word' id='word_1_50' title='bbox 954 1085 1019 1131; x_wconf 94' lang='lat' dir='ltr'><strong>non</strong></span> <span class='ocrx_word' id='word_1_51' title='bbox 1034 1071 1129 1130; x_wconf 91' lang='lat' dir='ltr'><strong>modo</strong></span> <span class='ocrx_word' id='word_1_52' title='bbox 1152 1075 1239 1132; x_wconf 86' lang='lat' dir='ltr'><strong>Jaco-</strong></span> 
     </span>
     <span class='ocr_line' id='line_1_8' title="bbox 146 1161 1239 1265; baseline 0 -18"><span class='ocrx_word' id='word_1_53' title='bbox 146 1189 204 1248; x_wconf 87' lang='lat' dir='ltr'><strong>hus</strong></span> <span class='ocrx_word' id='word_1_54' title='bbox 222 1193 252 1249; x_wconf 89' lang='lat' dir='ltr'><strong>et</strong></span> <span class='ocrx_word' id='word_1_55' title='bbox 265 1191 396 1264; x_wconf 77' lang='lat' dir='ltr'><strong>aquales</strong></span> <span class='ocrx_word' id='word_1_56' title='bbox 420 1192 551 1264; x_wconf 82' lang='lat' dir='ltr'><strong>amplerl</strong></span> <span class='ocrx_word' id='word_1_57' title='bbox 571 1192 660 1264; x_wconf 92' lang='lat' dir='ltr'><strong>sunt,</strong></span> <span class='ocrx_word' id='word_1_58' title='bbox 684 1193 757 1265; x_wconf 91' lang='lat' dir='ltr'><strong>sed,</strong></span> <span class='ocrx_word' id='word_1_59' title='bbox 779 1190 946 1264; x_wconf 89' lang='lat' dir='ltr'><strong>pessimam</strong></span> <span class='ocrx_word' id='word_1_60' title='bbox 967 1161 1148 1262; x_wconf 82' lang='lat' dir='ltr'><strong>patrimonii</strong></span> <span class='ocrx_word' id='word_1_61' title='bbox 1169 1194 1239 1263; x_wconf 89' lang='lat' dir='ltr'><strong>par·</strong></span> 
     </span>
     <span class='ocr_line' id='line_1_9' title="bbox 147 1308 1239 1382; baseline 0.001 -17"><span class='ocrx_word' id='word_1_62' title='bbox 147 1311 226 1382; x_wconf 90' lang='lat' dir='ltr'><strong>tem,</strong></span> <span class='ocrx_word' id='word_1_63' title='bbox 241 1310 365 1369; x_wconf 82' lang='lat' dir='ltr'><strong>Carolus</strong></span> <span class='ocrx_word' id='word_1_64' title='bbox 380 1312 405 1368; x_wconf 93' lang='lat' dir='ltr'><strong>ll</strong></span> <span class='ocrx_word' id='word_1_65' title='bbox 421 1313 451 1368; x_wconf 93' lang='lat' dir='ltr'><strong>et</strong></span> <span class='ocrx_word' id='word_1_66' title='bbox 463 1310 592 1369; x_wconf 80' lang='lat' dir='ltr'><strong>lacobus</strong></span> <span class='ocrx_word' id='word_1_67' title='bbox 612 1314 638 1369; x_wconf 92' lang='lat' dir='ltr'><strong>ll</strong></span> <span class='ocrx_word' id='word_1_68' title='bbox 657 1311 869 1381; x_wconf 80' lang='lat' dir='ltr'><strong>servaverunt,</strong></span> <span class='ocrx_word' id='word_1_69' title='bbox 888 1308 939 1367; x_wconf 90' lang='lat' dir='ltr'><strong>hic</strong></span> <span class='ocrx_word' id='word_1_70' title='bbox 964 1321 1165 1380; x_wconf 81' lang='lat' dir='ltr'><strong>magnacum</strong></span> <span class='ocrx_word' id='word_1_71' title='bbox 1187 1309 1239 1367; x_wconf 91' lang='lat' dir='ltr'><strong>de·</strong></span> 
     </span>
     <span class='ocr_line' id='line_1_10' title="bbox 148 1428 388 1488; baseline 0.013 -5"><span class='ocrx_word' id='word_1_72' title='bbox 148 1428 292 1487; x_wconf 87' lang='lat' dir='ltr'><strong>trimento</strong></span> <span class='ocrx_word' id='word_1_73' title='bbox 310 1434 388 1488; x_wconf 82' lang='lat' dir='ltr'><strong>suot</strong></span> 
     </span>
    </p>

    <p class='ocr_par' dir='ltr' id='par_1_3' title="bbox 147 1551 1244 3771">
     <span class='ocr_line' id='line_1_11' title="bbox 182 1551 1239 1617; baseline 0.003 -13"><span class='ocrx_word' id='word_1_74' title='bbox 182 1551 230 1605; x_wconf 90' lang='lat' dir='ltr'><strong>lll.</strong></span> <span class='ocrx_word' id='word_1_75' title='bbox 257 1559 342 1617; x_wconf 80' lang='lat' dir='ltr'><strong>quun</strong></span> <span class='ocrx_word' id='word_1_76' title='bbox 370 1561 590 1609; x_wconf 77' lang='lat' dir='ltr'><strong>rsnurhunuro</strong></span> <span class='ocrx_word' id='word_1_77' title='bbox 622 1559 727 1608; x_wconf 83' lang='lat' dir='ltr'><strong>nocuu</strong></span> <span class='ocrx_word' id='word_1_78' title='bbox 761 1560 836 1607; x_wconf 84' lang='lat' dir='ltr'><strong>ussu</strong></span> <span class='ocrx_word' id='word_1_79' title='bbox 866 1558 1021 1607; x_wconf 67' lang='lat' dir='ltr'><strong>ponuntur</strong></span> <span class='ocrx_word' id='word_1_80' title='bbox 1050 1558 1082 1605; x_wconf 87' lang='lat' dir='ltr'><strong>ht</strong></span> <span class='ocrx_word' id='word_1_81' title='bbox 1111 1557 1239 1607; x_wconf 76' lang='lat' dir='ltr'><strong>manin</strong></span> 
     </span>
     <span class='ocr_line' id='line_1_12' title="bbox 147 1667 1240 1741; baseline -0.001 -16"><span class='ocrx_word' id='word_1_82' title='bbox 147 1679 245 1727; x_wconf 84' lang='lat' dir='ltr'><strong>nunus</strong></span> <span class='ocrx_word' id='word_1_83' title='bbox 269 1681 538 1729; x_wconf 76' lang='lat' dir='ltr'><strong>anumrsralunrs.</strong></span> <span class='ocrx_word' id='word_1_84' title='bbox 556 1671 672 1727; x_wconf 87' lang='lat' dir='ltr'><strong>—Non</strong></span> <span class='ocrx_word' id='word_1_85' title='bbox 695 1671 796 1728; x_wconf 90' lang='lat' dir='ltr'><strong>autem</strong></span> <span class='ocrx_word' id='word_1_86' title='bbox 817 1669 947 1741; x_wconf 86' lang='lat' dir='ltr'><strong>possunt</strong></span> <span class='ocrx_word' id='word_1_87' title='bbox 971 1667 1052 1724; x_wconf 90' lang='lat' dir='ltr'><strong>inter</strong></span> <span class='ocrx_word' id='word_1_88' title='bbox 1075 1679 1109 1724; x_wconf 89' lang='lat' dir='ltr'><strong>se</strong></span> <span class='ocrx_word' id='word_1_89' title='bbox 1133 1680 1188 1725; x_wconf 87' lang='lat' dir='ltr'><strong>res</strong></span> <span class='ocrx_word' id='word_1_90' title='bbox 1210 1669 1240 1726; x_wconf 91' lang='lat' dir='ltr'><strong>et</strong></span> 
     </span>
     <span class='ocr_line' id='line_1_13' title="bbox 147 1785 1241 1862; baseline -0.002 -16"><span class='ocrx_word' id='word_1_91' title='bbox 147 1788 239 1846; x_wconf 85' lang='lat' dir='ltr'><strong>verba</strong></span> <span class='ocrx_word' id='word_1_92' title='bbox 258 1802 379 1862; x_wconf 89' lang='lat' dir='ltr'><strong>semper</strong></span> <span class='ocrx_word' id='word_1_93' title='bbox 400 1803 536 1862; x_wconf 81' lang='lat' dir='ltr'><strong>pugnare</strong></span> <span class='ocrx_word' id='word_1_94' title='bbox 552 1810 559 1847; x_wconf 74' lang='grc' dir='ltr'><strong>ε</strong></span> <span class='ocrx_word' id='word_1_95' title='bbox 576 1802 633 1848; x_wconf 91' lang='lat' dir='ltr'><strong>nec</strong></span> <span class='ocrx_word' id='word_1_96' title='bbox 657 1789 769 1848; x_wconf 92' lang='lat' dir='ltr'><strong>desunt</strong></span> <span class='ocrx_word' id='word_1_97' title='bbox 789 1789 849 1848; x_wconf 90' lang='lat' dir='ltr'><strong>loci</strong></span> <span class='ocrx_word' id='word_1_98' title='bbox 873 1788 926 1847; x_wconf 90' lang='lat' dir='ltr'><strong>uhi</strong></span> <span class='ocrx_word' id='word_1_99' title='bbox 951 1785 1114 1861; x_wconf 84' lang='lat' dir='ltr'><strong>splendide</strong></span> <span class='ocrx_word' id='word_1_100' title='bbox 1134 1786 1241 1845; x_wconf 88' lang='lat' dir='ltr'><strong>laudet</strong></span> 
     </span>
     <span class='ocr_line' id='line_1_14' title="bbox 147 1907 1239 1982; baseline 0.002 -18"><span class='ocrx_word' id='word_1_101' title='bbox 147 1908 385 1967; x_wconf 77' lang='lat' dir='ltr'><strong>parliamentum</strong></span> <span class='ocrx_word' id='word_1_102' title='bbox 399 1913 548 1967; x_wconf 84' lang='lat' dir='ltr'><strong>paconus.</strong></span> <span class='ocrx_word' id='word_1_103' title='bbox 564 1910 598 1967; x_wconf 86' lang='lat' dir='ltr'><strong>Ei</strong></span> <span class='ocrx_word' id='word_1_104' title='bbox 608 1909 777 1981; x_wconf 81' lang='lat' dir='ltr'><strong>gratulatur</strong></span> <span class='ocrx_word' id='word_1_105' title='bbox 791 1910 874 1982; x_wconf 90' lang='lat' dir='ltr'><strong>quod</strong></span> <span class='ocrx_word' id='word_1_106' title='bbox 892 1923 943 1968; x_wconf 84' lang='lat' dir='ltr'><strong>rex</strong></span> <span class='ocrx_word' id='word_1_107' title='bbox 957 1909 991 1966; x_wconf 95' lang='lat' dir='ltr'><strong>in</strong></span> <span class='ocrx_word' id='word_1_108' title='bbox 1007 1907 1157 1967; x_wconf 88' lang='lat' dir='ltr'><strong>concione</strong></span> <span class='ocrx_word' id='word_1_109' title='bbox 1170 1920 1239 1981; x_wconf 91' lang='lat' dir='ltr'><strong>per·</strong></span> 
     </span>
     <span class='ocr_line' id='line_1_15' title="bbox 147 2025 1239 2101; baseline 0.001 -18"><span class='ocrx_word' id='word_1_110' title='bbox 147 2025 1239 2101; x_wconf 47' lang='lat' dir='ltr'><strong>immmwfflmmmmmffimmmwssmmmm-</strong></span> 
     </span>
     <span class='ocr_line' id='line_1_16' title="bbox 148 2145 1241 2221; baseline 0.003 -17"><span class='ocrx_word' id='word_1_111' title='bbox 148 2147 195 2204; x_wconf 84' lang='lat' dir='ltr'><strong>vis</strong></span> <span class='ocrx_word' id='word_1_112' title='bbox 214 2147 297 2205; x_wconf 91' lang='lat' dir='ltr'><strong>enim</strong></span> <span class='ocrx_word' id='word_1_113' title='bbox 311 2147 474 2207; x_wconf 87' lang='lat' dir='ltr'><strong>veterrima</strong></span> <span class='ocrx_word' id='word_1_114' title='bbox 497 2149 537 2206; x_wconf 92' lang='lat' dir='ltr'><strong>sit</strong></span> <span class='ocrx_word' id='word_1_115' title='bbox 559 2148 741 2207; x_wconf 81' lang='lat' dir='ltr'><strong>monarchia</strong></span> <span class='ocrx_word' id='word_1_116' title='bbox 761 2150 791 2206; x_wconf 92' lang='lat' dir='ltr'><strong>et</strong></span> <span class='ocrx_word' id='word_1_117' title='bbox 809 2151 919 2206; x_wconf 88' lang='lat' dir='ltr'><strong>natura</strong></span> <span class='ocrx_word' id='word_1_118' title='bbox 934 2147 1048 2221; x_wconf 82' lang='lat' dir='ltr'><strong>libera,</strong></span> <span class='ocrx_word' id='word_1_119' title='bbox 1069 2145 1241 2207; x_wconf 88' lang='lat' dir='ltr'><strong>llrmiorem</strong></span> 
     </span>
     <span class='ocr_line' id='line_1_17' title="bbox 149 2263 1241 2338; baseline 0.001 -16"><span class='ocrx_word' id='word_1_120' title='bbox 149 2263 228 2322; x_wconf 85' lang='lat' dir='ltr'><strong>effici</strong></span> <span class='ocrx_word' id='word_1_121' title='bbox 249 2264 376 2323; x_wconf 88' lang='lat' dir='ltr'><strong>monitis</strong></span> <span class='ocrx_word' id='word_1_122' title='bbox 398 2265 427 2323; x_wconf 90' lang='lat' dir='ltr'><strong>et</strong></span> <span class='ocrx_word' id='word_1_123' title='bbox 445 2265 558 2323; x_wconf 77' lang='lat' dir='ltr'><strong>auxilio</strong></span> <span class='ocrx_word' id='word_1_124' title='bbox 575 2265 769 2324; x_wconf 73' lang='lat' dir='ltr'><strong>parliamenti</strong></span> <span class='ocrx_word' id='word_1_125' title='bbox 786 2263 839 2338; x_wconf 80' lang='lat' dir='ltr'><strong>(l).</strong></span> <span class='ocrx_word' id='word_1_126' title='bbox 863 2267 930 2337; x_wconf 90' lang='lat' dir='ltr'><strong>lpse</strong></span> <span class='ocrx_word' id='word_1_127' title='bbox 951 2263 1190 2335; x_wconf 72' lang='lat' dir='ltr'><strong>parliamentum</strong></span> <span class='ocrx_word' id='word_1_128' title='bbox 1205 2276 1241 2323; x_wconf 82' lang='lat' dir='ltr'><strong>ex</strong></span> 
     </span>
     <span class='ocr_line' id='line_1_18' title="bbox 149 2382 1242 2460; baseline 0.002 -20"><span class='ocrx_word' id='word_1_129' title='bbox 149 2384 323 2443; x_wconf 84' lang='lat' dir='ltr'><strong>Britannico</strong></span> <span class='ocrx_word' id='word_1_130' title='bbox 338 2398 433 2456; x_wconf 80' lang='lat' dir='ltr'><strong>regno</strong></span> <span class='ocrx_word' id='word_1_131' title='bbox 447 2385 513 2444; x_wconf 93' lang='lat' dir='ltr'><strong>tolli</strong></span> <span class='ocrx_word' id='word_1_132' title='bbox 530 2399 621 2458; x_wconf 91' lang='lat' dir='ltr'><strong>posse</strong></span> <span class='ocrx_word' id='word_1_133' title='bbox 637 2387 741 2460; x_wconf 82' lang='lat' dir='ltr'><strong>negat,</strong></span> <span class='ocrx_word' id='word_1_134' title='bbox 757 2386 931 2458; x_wconf 89' lang='lat' dir='ltr'><strong>quantaque</strong></span> <span class='ocrx_word' id='word_1_135' title='bbox 946 2383 1024 2442; x_wconf 91' lang='lat' dir='ltr'><strong>illud</strong></span> <span class='ocrx_word' id='word_1_136' title='bbox 1038 2382 1144 2442; x_wconf 84' lang='lat' dir='ltr'><strong>afferat</strong></span> <span class='ocrx_word' id='word_1_137' title='bbox 1156 2382 1242 2442; x_wconf 85' lang='lat' dir='ltr'><strong>bona</strong></span> 
     </span>
     <span class='ocr_line' id='line_1_19' title="bbox 151 2501 1242 2576; baseline 0.001 -16"><span class='ocrx_word' id='word_1_138' title='bbox 151 2505 261 2562; x_wconf 88' lang='lat' dir='ltr'><strong>docet:</strong></span> <span class='ocrx_word' id='word_1_139' title='bbox 284 2527 296 2554; x_wconf 82' lang='grc' dir='ltr'>ι</span> <span class='ocrx_word' id='word_1_140' title='bbox 315 2503 397 2563; x_wconf 83' lang='lat' dir='ltr'><strong>polle</strong></span> <span class='ocrx_word' id='word_1_141' title='bbox 414 2504 585 2562; x_wconf 84' lang='lat' dir='ltr'><strong>libertatem</strong></span> <span class='ocrx_word' id='word_1_142' title='bbox 606 2504 819 2576; x_wconf 87' lang='lat' dir='ltr'><strong>parliamenti,</strong></span> <span class='ocrx_word' id='word_1_143' title='bbox 835 2504 918 2560; x_wconf 91' lang='lat' dir='ltr'><strong>intus</strong></span> <span class='ocrx_word' id='word_1_144' title='bbox 939 2504 1066 2560; x_wconf 78' lang='lat' dir='ltr'><strong>estuare</strong></span> <span class='ocrx_word' id='word_1_145' title='bbox 1085 2501 1242 2574; x_wconf 81' lang='lat' dir='ltr'><strong>subjecto·</strong></span> 
     </span>
     <span class='ocr_line' id='line_1_20' title="bbox 153 2606 1241 2698; baseline 0.002 -17"><span class='ocrx_word' id='word_1_146' title='bbox 153 2644 164 2673; x_wconf 78' lang='grc' dir='ltr'><strong>ιι</strong></span> <span class='ocrx_word' id='word_1_147' title='bbox 185 2636 253 2681; x_wconf 90' lang='lat' dir='ltr'><strong>rum</strong></span> <span class='ocrx_word' id='word_1_148' title='bbox 268 2623 405 2696; x_wconf 82' lang='lat' dir='ltr'><strong>querelas</strong></span> <span class='ocrx_word' id='word_1_149' title='bbox 425 2624 558 2698; x_wconf 89' lang='lat' dir='ltr'><strong>oportet,</strong></span> <span class='ocrx_word' id='word_1_150' title='bbox 580 2637 677 2696; x_wconf 81' lang='lat' dir='ltr'><strong>egros</strong></span> <span class='ocrx_word' id='word_1_151' title='bbox 697 2626 918 2696; x_wconf 85' lang='lat' dir='ltr'><strong>corruptasque</strong></span> <span class='ocrx_word' id='word_1_152' title='bbox 931 2624 1076 2682; x_wconf 91' lang='lat' dir='ltr'><strong>humores</strong></span> <span class='ocrx_word' id='word_1_153' title='bbox 1093 2606 1160 2696; x_wconf 83' lang='lat' dir='ltr'><strong>jam</strong></span> <span class='ocrx_word' id='word_1_154' title='bbox 1173 2637 1241 2683; x_wconf 91' lang='lat' dir='ltr'><strong>non</strong></span> 
     </span>
     <span class='ocr_line' id='line_1_21' title="bbox 153 2733 1244 2816; baseline 0.001 -18"><span class='ocrx_word' id='word_1_155' title='bbox 153 2762 164 2790; x_wconf 81' lang='lat' dir='ltr'><strong>l</strong></span> <span class='ocrx_word' id='word_1_156' title='bbox 186 2740 281 2799; x_wconf 92' lang='lat' dir='ltr'><strong>lihere</strong></span> <span class='ocrx_word' id='word_1_157' title='bbox 300 2740 433 2816; x_wconf 82' lang='lat' dir='ltr'><strong>effundi,</strong></span> <span class='ocrx_word' id='word_1_158' title='bbox 450 2741 560 2814; x_wconf 89' lang='lat' dir='ltr'><strong>quibus</strong></span> <span class='ocrx_word' id='word_1_159' title='bbox 581 2740 777 2815; x_wconf 79' lang='lat' dir='ltr'><strong>exulceratis,</strong></span> <span class='ocrx_word' id='word_1_160' title='bbox 798 2733 922 2800; x_wconf 85' lang='lat' dir='ltr'><strong>necesse</strong></span> <span class='ocrx_word' id='word_1_161' title='bbox 943 2739 978 2798; x_wconf 87' lang='lat' dir='ltr'><strong>iit</strong></span> <span class='ocrx_word' id='word_1_162' title='bbox 995 2741 1030 2798; x_wconf 94' lang='lat' dir='ltr'><strong>nt</strong></span> <span class='ocrx_word' id='word_1_163' title='bbox 1052 2738 1244 2812; x_wconf 85' lang='lat' dir='ltr'><strong>periclitetur</strong></span> 
     </span>
     <span class='ocr_line' id='line_1_22' title="bbox 153 2858 1241 2936; baseline 0 -17"><span class='ocrx_word' id='word_1_164' title='bbox 153 2883 164 2912; x_wconf 80' lang='lat' dir='ltr'><strong>l</strong></span> <span class='ocrx_word' id='word_1_165' title='bbox 186 2863 215 2919; x_wconf 92' lang='lat' dir='ltr'><strong>et</strong></span> <span class='ocrx_word' id='word_1_166' title='bbox 225 2863 307 2936; x_wconf 80' lang='lat' dir='ltr'><strong>regia</strong></span> <span class='ocrx_word' id='word_1_167' title='bbox 319 2863 384 2935; x_wconf 90' lang='lat' dir='ltr'><strong>ipse</strong></span> <span class='ocrx_word' id='word_1_168' title='bbox 398 2863 533 2934; x_wconf 89' lang='lat' dir='ltr'><strong>potestas</strong></span> <span class='ocrx_word' id='word_1_169' title='bbox 545 2863 594 2931; x_wconf 67' lang='lat' dir='ltr'><strong>(p.</strong></span> <span class='ocrx_word' id='word_1_170' title='bbox 613 2884 624 2912; x_wconf 80' lang='lat' dir='ltr'><strong>l</strong></span> <span class='ocrx_word' id='word_1_171' title='bbox 646 2862 717 2920; x_wconf 93' lang='lat' dir='ltr'><strong>ldeo</strong></span> <span class='ocrx_word' id='word_1_172' title='bbox 734 2861 849 2932; x_wconf 83' lang='lat' dir='ltr'><strong>regiam</strong></span> <span class='ocrx_word' id='word_1_173' title='bbox 863 2858 1241 2933; x_wconf 86' lang='lat' dir='ltr'><strong>potestatemlibertatem·</strong></span> 
     </span>
     <span class='ocr_line' id='line_1_23' title="bbox 150 2977 1243 3054; baseline -0.004 -14"><span class='ocrx_word' id='word_1_174' title='bbox 150 2996 209 3054; x_wconf 93' lang='lat' dir='ltr'><strong>que</strong></span> <span class='ocrx_word' id='word_1_175' title='bbox 227 2983 421 3041; x_wconf 87' lang='lat' dir='ltr'><strong>parliamenti</strong></span> <span class='ocrx_word' id='word_1_176' title='bbox 431 2995 497 3040; x_wconf 91' lang='lat' dir='ltr'><strong>csse</strong></span> <span class='ocrx_word' id='word_1_177' title='bbox 514 2985 661 3053; x_wconf 85' lang='lat' dir='ltr'><strong>tanquam</strong></span> <span class='ocrx_word' id='word_1_178' title='bbox 676 2980 826 3039; x_wconf 88' lang='lat' dir='ltr'><strong>elementa</strong></span> <span class='ocrx_word' id='word_1_179' title='bbox 841 2993 876 3039; x_wconf 90' lang='lat' dir='ltr'><strong>ac</strong></span> <span class='ocrx_word' id='word_1_180' title='bbox 891 2979 1044 3052; x_wconf 89' lang='lat' dir='ltr'><strong>principia</strong></span> <span class='ocrx_word' id='word_1_181' title='bbox 1062 2977 1243 3051; x_wconf 76' lang='lat' dir='ltr'><strong>reipublice</strong></span> 
     </span>
     <span class='ocr_line' id='line_1_24' title="bbox 151 3097 1239 3172; baseline -0.003 -13"><span class='ocrx_word' id='word_1_182' title='bbox 151 3100 292 3159; x_wconf 83' lang='lat' dir='ltr'><strong>declarat.</strong></span> <span class='ocrx_word' id='word_1_183' title='bbox 303 3101 422 3159; x_wconf 82' lang='lat' dir='ltr'><strong>Etenim</strong></span> <span class='ocrx_word' id='word_1_184' title='bbox 437 3099 511 3159; x_wconf 88' lang='lat' dir='ltr'><strong>hinc</strong></span> <span class='ocrx_word' id='word_1_185' title='bbox 521 3099 616 3158; x_wconf 85' lang='lat' dir='ltr'><strong>servis</strong></span> <span class='ocrx_word' id='word_1_186' title='bbox 635 3099 786 3172; x_wconf 90' lang='lat' dir='ltr'><strong>imperare</strong></span> <span class='ocrx_word' id='word_1_187' title='bbox 798 3111 846 3157; x_wconf 90' lang='lat' dir='ltr'><strong>res</strong></span> <span class='ocrx_word' id='word_1_188' title='bbox 860 3097 931 3157; x_wconf 84' lang='lat' dir='ltr'><strong>vilis</strong></span> <span class='ocrx_word' id='word_1_189' title='bbox 944 3097 1065 3157; x_wconf 85' lang='lat' dir='ltr'><strong>videtur</strong></span> <span class='ocrx_word' id='word_1_190' title='bbox 1080 3116 1087 3154; x_wconf 71' lang='grc' dir='ltr'><strong>ι</strong></span> <span class='ocrx_word' id='word_1_191' title='bbox 1106 3117 1118 3147; x_wconf 81' lang='lat' dir='ltr'><strong>l</strong></span> <span class='ocrx_word' id='word_1_192' title='bbox 1138 3099 1239 3172; x_wconf 87' lang='lat' dir='ltr'><strong>lmpc·</strong></span> 
     </span>
     <span class='ocr_line' id='line_1_25' title="bbox 153 3185 1241 3291; baseline 0.002 -19"><span class='ocrx_word' id='word_1_193' title='bbox 153 3236 164 3264; x_wconf 76' lang='lat' dir='ltr'><strong>l</strong></span> <span class='ocrx_word' id='word_1_194' title='bbox 184 3216 265 3274; x_wconf 89' lang='lat' dir='ltr'><strong>rium</strong></span> <span class='ocrx_word' id='word_1_195' title='bbox 281 3217 314 3274; x_wconf 90' lang='lat' dir='ltr'><strong>in</strong></span> <span class='ocrx_word' id='word_1_196' title='bbox 329 3216 446 3277; x_wconf 85' lang='lat' dir='ltr'><strong>belluas</strong></span> <span class='ocrx_word' id='word_1_197' title='bbox 459 3219 489 3275; x_wconf 87' lang='lat' dir='ltr'><strong>et</strong></span> <span class='ocrx_word' id='word_1_198' title='bbox 507 3230 633 3289; x_wconf 88' lang='lat' dir='ltr'><strong>pecora,</strong></span> <span class='ocrx_word' id='word_1_199' title='bbox 650 3185 739 3289; x_wconf 93' lang='lat' dir='ltr'><strong>quale</strong></span> <span class='ocrx_word' id='word_1_200' title='bbox 757 3215 960 3274; x_wconf 85' lang='lat' dir='ltr'><strong>bubulcorum</strong></span> <span class='ocrx_word' id='word_1_201' title='bbox 981 3215 1033 3274; x_wconf 90' lang='lat' dir='ltr'><strong>aut</strong></span> <span class='ocrx_word' id='word_1_202' title='bbox 1049 3213 1241 3291; x_wconf 90' lang='lat' dir='ltr'><strong>opilionum,</strong></span> 
     </span>
     <span class='ocr_line' id='line_1_26' title="bbox 152 3334 1243 3410; baseline 0.001 -17"><span class='ocrx_word' id='word_1_203' title='bbox 152 3359 165 3386; x_wconf 88' lang='grc'><strong>«</strong></span> <span class='ocrx_word' id='word_1_204' title='bbox 186 3350 234 3394; x_wconf 92' lang='lat' dir='ltr'><strong>res</strong></span> <span class='ocrx_word' id='word_1_205' title='bbox 246 3337 316 3396; x_wconf 87' lang='lat' dir='ltr'><strong>vilis</strong></span> <span class='ocrx_word' id='word_1_206' title='bbox 334 3357 341 3394; x_wconf 92' lang='lat'><strong>:</strong></span> <span class='ocrx_word' id='word_1_207' title='bbox 358 3338 521 3410; x_wconf 90' lang='lat' dir='ltr'><strong>imperium</strong></span> <span class='ocrx_word' id='word_1_208' title='bbox 531 3337 564 3394; x_wconf 93' lang='lat' dir='ltr'><strong>in</strong></span> <span class='ocrx_word' id='word_1_209' title='bbox 579 3349 708 3409; x_wconf 90' lang='lat' dir='ltr'><strong>pueros,</strong></span> <span class='ocrx_word' id='word_1_210' title='bbox 724 3336 813 3408; x_wconf 91' lang='lat' dir='ltr'><strong>quale</strong></span> <span class='ocrx_word' id='word_1_211' title='bbox 823 3335 1122 3408; x_wconf 80' lang='lat' dir='ltr'><strong>ludimagistrorum,</strong></span> <span class='ocrx_word' id='word_1_212' title='bbox 1132 3334 1243 3394; x_wconf 91' lang='lat' dir='ltr'><strong>minus</strong></span> 
     </span>
     <span class='ocr_line' id='line_1_27' title="bbox 153 3453 1242 3530; baseline -0.002 -15"><span class='ocrx_word' id='word_1_213' title='bbox 153 3478 164 3507; x_wconf 71' lang='lat' dir='ltr'><strong>s</strong></span> <span class='ocrx_word' id='word_1_214' title='bbox 185 3453 404 3530; x_wconf 83' lang='lat' dir='ltr'><strong>honorificum3</strong></span> <span class='ocrx_word' id='word_1_215' title='bbox 422 3456 585 3529; x_wconf 90' lang='lat' dir='ltr'><strong>imperium</strong></span> <span class='ocrx_word' id='word_1_216' title='bbox 595 3456 628 3512; x_wconf 88' lang='lat' dir='ltr'><strong>in</strong></span> <span class='ocrx_word' id='word_1_217' title='bbox 643 3455 799 3527; x_wconf 91' lang='lat' dir='ltr'><strong>mancipia</strong></span> <span class='ocrx_word' id='word_1_218' title='bbox 812 3454 916 3528; x_wconf 90' lang='lat' dir='ltr'><strong>potius</strong></span> <span class='ocrx_word' id='word_1_219' title='bbox 930 3453 1071 3512; x_wconf 83' lang='lat' dir='ltr'><strong>dedecori</strong></span> <span class='ocrx_word' id='word_1_220' title='bbox 1085 3454 1132 3511; x_wconf 93' lang='lat' dir='ltr'><strong>est</strong></span> <span class='ocrx_word' id='word_1_221' title='bbox 1145 3466 1242 3525; x_wconf 91' lang='lat' dir='ltr'><strong>quam</strong></span> 
     </span>
     <span class='ocr_line' id='line_1_28' title="bbox 153 3566 1241 3652; baseline -0.004 -14"><span class='ocrx_word' id='word_1_222' title='bbox 153 3578 316 3652; x_wconf 80' lang='lat' dir='ltr'><strong>«honori3</strong></span> <span class='ocrx_word' id='word_1_223' title='bbox 337 3593 436 3652; x_wconf 91' lang='lat' dir='ltr'><strong>neque</strong></span> <span class='ocrx_word' id='word_1_224' title='bbox 453 3579 550 3638; x_wconf 92' lang='lat' dir='ltr'><strong>multo</strong></span> <span class='ocrx_word' id='word_1_225' title='bbox 571 3566 766 3651; x_wconf 78' lang='lat' dir='ltr'><strong>prestantius</strong></span> <span class='ocrx_word' id='word_1_226' title='bbox 790 3578 835 3635; x_wconf 90' lang='lat' dir='ltr'><strong>est</strong></span> <span class='ocrx_word' id='word_1_227' title='bbox 855 3576 1019 3650; x_wconf 89' lang='lat' dir='ltr'><strong>imperium</strong></span> <span class='ocrx_word' id='word_1_228' title='bbox 1036 3577 1241 3648; x_wconf 78' lang='lat' dir='ltr'><strong>tyrannorum</strong></span> 
     </span>
     <span class='ocr_line' id='line_1_29' title="bbox 153 3693 1238 3771; baseline -0.005 -14"><span class='ocrx_word' id='word_1_229' title='bbox 153 3721 164 3750; x_wconf 78' lang='lat' dir='ltr'><strong>l</strong></span> <span class='ocrx_word' id='word_1_230' title='bbox 185 3699 218 3758; x_wconf 92' lang='lat' dir='ltr'><strong>in</strong></span> <span class='ocrx_word' id='word_1_231' title='bbox 242 3699 390 3771; x_wconf 92' lang='lat' dir='ltr'><strong>populum</strong></span> <span class='ocrx_word' id='word_1_232' title='bbox 415 3697 555 3757; x_wconf 85' lang='lat' dir='ltr'><strong>servilem</strong></span> <span class='ocrx_word' id='word_1_233' title='bbox 576 3701 666 3769; x_wconf 92' lang='lat' dir='ltr'><strong>atque</strong></span> <span class='ocrx_word' id='word_1_234' title='bbox 686 3696 798 3754; x_wconf 88' lang='lat' dir='ltr'><strong>animis</strong></span> <span class='ocrx_word' id='word_1_235' title='bbox 822 3697 851 3754; x_wconf 89' lang='lat' dir='ltr'><strong>et</strong></span> <span class='ocrx_word' id='word_1_236' title='bbox 873 3708 1022 3767; x_wconf 83' lang='lat' dir='ltr'><strong>generosa</strong></span> <span class='ocrx_word' id='word_1_237' title='bbox 1041 3693 1146 3754; x_wconf 87' lang='lat' dir='ltr'><strong>indole</strong></span> <span class='ocrx_word' id='word_1_238' title='bbox 1164 3708 1238 3752; x_wconf 83' lang='lat' dir='ltr'><strong>exu-</strong></span> 
     </span>
    </p>
   </div>
   <div class='ocr_carea' id='block_1_3' title="bbox 184 4184 1196 4346">
    <p class='ocr_par' dir='ltr' id='par_1_4' title="bbox 184 4184 1196 4346">
     <span class='ocr_line' id='line_1_30' title="bbox 184 4184 1196 4254; baseline 0.001 -18"><span class='ocrx_word' id='word_1_239' title='bbox 184 4187 213 4250; x_wconf 71' lang='lat' dir='ltr'><strong>tl)</strong></span> <span class='ocrx_word' id='word_1_240' title='bbox 227 4185 273 4238; x_wconf 90' lang='lat' dir='ltr'><strong>llis</strong></span> <span class='ocrx_word' id='word_1_241' title='bbox 286 4185 438 4254; x_wconf 78' lang='lat' dir='ltr'><strong>lordship‘s</strong></span> <span class='ocrx_word' id='word_1_242' title='bbox 450 4187 549 4254; x_wconf 87' lang='lat' dir='ltr'><strong>speech</strong></span> <span class='ocrx_word' id='word_1_243' title='bbox 564 4188 592 4239; x_wconf 90' lang='lat' dir='ltr'><strong>in</strong></span> <span class='ocrx_word' id='word_1_244' title='bbox 605 4187 648 4240; x_wconf 90' lang='lat' dir='ltr'><strong>thc</strong></span> <span class='ocrx_word' id='word_1_245' title='bbox 666 4187 822 4241; x_wconf 85' lang='lat' dir='ltr'><strong>parliament</strong></span> <span class='ocrx_word' id='word_1_246' title='bbox 834 4190 860 4242; x_wconf 92' lang='lat' dir='ltr'><strong>to</strong></span> <span class='ocrx_word' id='word_1_247' title='bbox 872 4187 918 4241; x_wconf 85' lang='lat' dir='ltr'><strong>the</strong></span> <span class='ocrx_word' id='word_1_248' title='bbox 931 4184 1070 4253; x_wconf 72' lang='lat' dir='ltr'><strong>speakers</strong></span> <span class='ocrx_word' id='word_1_249' title='bbox 1082 4196 1196 4238; x_wconf 86' lang='lat' dir='ltr'><strong>excuse.</strong></span> 
     </span>
     <span class='ocr_line' id='line_1_31' title="bbox 186 4276 768 4346; baseline 0.003 -18"><span class='ocrx_word' id='word_1_250' title='bbox 186 4277 216 4342; x_wconf 76' lang='lat' dir='ltr'><strong>tt)</strong></span> <span class='ocrx_word' id='word_1_251' title='bbox 231 4276 248 4330; x_wconf 84' lang='lat' dir='ltr'><strong>l</strong></span> <span class='ocrx_word' id='word_1_252' title='bbox 264 4276 362 4344; x_wconf 84' lang='lat' dir='ltr'><strong>speech</strong></span> <span class='ocrx_word' id='word_1_253' title='bbox 376 4277 403 4332; x_wconf 87' lang='lat' dir='ltr'><strong>ci</strong></span> <span class='ocrx_word' id='word_1_254' title='bbox 415 4278 457 4334; x_wconf 90' lang='lat' dir='ltr'><strong>thc</strong></span> <span class='ocrx_word' id='word_1_255' title='bbox 470 4279 558 4346; x_wconf 79' lang='lat' dir='ltr'><strong>tring&#39;s</strong></span> <span class='ocrx_word' id='word_1_256' title='bbox 573 4279 703 4345; x_wconf 80' lang='lat' dir='ltr'><strong>sollcitor,</strong></span> <span class='ocrx_word' id='word_1_257' title='bbox 718 4281 768 4334; x_wconf 87' lang='lat' dir='ltr'><strong>otc.</strong></span> 
     </span>
    </p>
   </div>
   <div class='ocr_carea' id='block_1_4' title="bbox 0 0 1399 4868">
    <p class='ocr_par' dir='ltr' id='par_1_5' title="bbox 0 0 1399 4868">
     <span class='ocr_line' id='line_1_32' title="bbox 0 0 1399 4868; baseline 0 0"><span class='ocrx_word' id='word_1_258' title='bbox 0 0 1399 4868; x_wconf 95' lang='lat' dir='ltr'><strong> </strong></span> 
     </span>
    </p>
   </div>
  </div>
 </body>
</html>
