2782 4868
590 383 759 443 -ῃ-

132 557 144 585 ι
165 536 217 592 aut
235 531 462 591 pontificiarum
481 532 600 606 placitis
615 533 742 594 obnoxii
757 538 787 594 et
806 535 936 608 addicti,
957 534 1074 608 judicio
1096 535 1220 605 sincero

132 665 230 712 anon
249 652 388 726 utuntur,
413 653 468 712 secl
492 655 638 726 tanquam
663 656 832 715 avinculis
858 658 1112 717 sermocinantur.
1138 660 1222 718 certe

132 794 144 822 ιι
164 772 299 843 cognitio
309 772 368 831 ista
379 773 417 830 ad
427 773 510 832 viros
520 773 624 834 civiles
633 775 757 848 proprie
767 776 896 851 spectat,
913 777 966 850 qui
982 778 1096 851 optime
1107 781 1223 837 norunt

132 917 144 944 ιι
165 894 240 966 quid
254 893 332 952 ferat
346 893 474 953 societas
493 894 649 970 humana,
665 895 740 968 quid
756 873 840 955 salus
857 897 980 970 populi,
1005 897 1080 970 quid
1095 898 1222 970 aeqrritas
1267 966 1269 970 y

132 1031 144 1059 ιι
165 1011 326 1084 naturalis,
342 1009 416 1084 quid
430 1013 567 1083 gentium
582 1026 695 1088 mores,
707 1014 782 1087 quid
792 1027 894 1073 rerum
908 1015 1101 1087 publicarum
1115 1016 1223 1075 forme

133 1148 146 1174 ι
167 1127 294 1187 diversae
305 1170 312 1199 ,
324 1126 455 1200 ideoque
468 1129 590 1201 possint
605 1130 642 1187 de
652 1129 770 1201 legibus
788 1132 816 1188 et
831 1130 993 1204 principiis
1008 1133 1038 1188 et
1050 1130 1220 1204 preceptis,

132 1269 144 1296 ι
166 1250 227 1306 tam
238 1247 387 1320 aequitatis
399 1248 547 1307 naturalis
559 1249 811 1324 quampolitices,
827 1249 999 1308 decernere.
1015 1247 1220 1319 Quamobrem

131 1387 143 1416 ιι
163 1367 196 1424 id
212 1381 295 1426 nunc
306 1368 411 1439 agatur
424 1370 459 1426 ut
472 1368 574 1427 fontes
588 1368 712 1455 justitiae
727 1371 757 1426 et
774 1367 916 1428 utilitatis
933 1368 1063 1442 publica
1080 1367 1223 1440 petantur

131 1505 144 1537 ιι
165 1489 195 1544 et
212 1487 245 1544 in
269 1487 398 1559 singulis
420 1488 498 1561 juris
522 1489 660 1562 partibus
681 1490 837 1549 character
857 1489 985 1562 quidam
1006 1492 1035 1547 et
1058 1489 1128 1547 idea
1146 1487 1222 1561 justi

123 1626 143 1692 ιι
165 1605 353 1680 exhiheatur,
369 1607 407 1666 ad
427 1620 517 1679 quam
532 1607 765 1680 particularium
780 1621 946 1679 regnorum
972 1610 1001 1666 et
1017 1605 1220 1680 rerumpubli-

132 1746 143 1773 ιι
165 1737 270 1783 carum
289 1727 370 1796 legas
391 1726 522 1798 probare
546 1728 636 1800 atque
656 1728 729 1787 inde
749 1728 1000 1787 emendationem
1014 1726 1117 1786 moliri
1137 1727 1219 1799 quis-

131 1865 143 1894 «
165 1858 223 1916 que
240 1843 358 1903 cuihoc
373 1844 459 1903 cordi
469 1844 526 1903 erit
539 1848 569 1903 et
579 1860 658 1904 curae
674 1847 772 1919 possit
784 1846 834 1919 (l).
853 1868 865 1897 ι
890 1848 1029 1920 sequitur
1043 1846 1079 1903 cte
1092 1848 1222 1903 lustitia

127 1965 257 2038 scoticos
271 1979 383 2038 sermo,
399 1965 482 2023 unde
494 2009 502 2038 ,
513 1966 548 2023 ut
562 1979 641 2038 reor,
657 1965 773 2025 utilitas
784 1966 887 2038 aliqua
905 1965 945 2024 ad
958 1966 1040 2036 leges
1051 1965 1220 2022 ceterarum

128 2084 290 2143 nationum
303 2084 474 2145 redundare
485 2085 599 2157 potest,
612 2097 707 2156 quum
716 2083 914 2157 philosophia
925 2097 1090 2156 regnorum
1104 2083 1219 2140 finibus

60 2215 66 2223 ·
129 2206 256 2264 minime
280 2207 478 2265 includatur:
495 2208 633 2263 Baconus
657 2207 759 2263 autem
782 2204 953 2279 profitetur,
974 2218 1069 2277 quum
1093 2217 1159 2262 sese
1180 2203 1220 2261 ari

129 2320 308 2378 Britannicae
318 2320 393 2408 legis
408 2320 545 2378 studium
564 2297 702 2379 conferat
712 2365 720 2393 ,
731 2321 811 2378 nihil
821 2320 880 2378 sihi
894 2321 992 2380 videri
1006 2321 1111 2378 utilius
1126 2333 1219 2391 quam

128 2441 163 2496 ut
176 2440 294 2510 regulas
314 2440 347 2497 in
366 2441 451 2498 tanta
468 2440 652 2512 placitorum
665 2440 747 2499 mole
764 2441 917 2513 dispersas
932 2440 1070 2512 colligat,
1086 2454 1150 2499 non
1165 2453 1218 2511 pa·

129 2571 198 2615 rum
210 2558 288 2616 lucis
302 2559 391 2617 novis
407 2559 527 2617 casibus
543 2572 737 2618 acoessumm
757 2572 823 2617 esse
838 2560 921 2618 ratus
937 2559 991 2632 (ι).
1013 2559 1091 2629 Quid
1112 2530 1230 2631 plural

127 2677 336 2743 Britannicum
354 2678 405 2750 Jus
423 2679 482 2737 fuit
500 2679 527 2737 oi
546 2679 633 2752 quasi
651 2679 787 2763 subjecta
804 2681 951 2760 materia,
967 2681 1000 2738 in
1020 2693 1081 2752 quo
1101 2677 1216 2751 experi-

127 2797 232 2853 menta
241 2797 351 2867 ageret.
364 2798 482 2856 scilicet
491 2797 517 2856 is
532 2800 597 2857 erat
607 2799 661 2871 qui
671 2812 736 2857 non
746 2799 840 2858 unius
850 2800 936 2870 regni
947 2797 1215 2869 historiologihus·

128 2928 186 2986 que
204 2929 236 2973 se
257 2918 441 2994 contineret,
457 2890 573 2994 atque,
597 2920 670 2978 dum
691 2900 948 2993 peregrinaretur,
967 2922 1139 2978 exterarum
1160 2932 1214 2977 na·

129 3034 247 3094 tionum
261 3037 380 3097 etvires
393 3040 423 3097 et
437 3053 537 3098 mores
552 3040 605 3113 qui
620 3042 723 3099 essent
732 3041 848 3099 discere
863 3041 992 3099 conatus
1006 3042 1052 3098 est
1062 3039 1123 3112 (3);
1141 3039 1214 3098 atta-

129 3162 200 3208 men
215 3151 357 3209 nondum
372 3152 430 3209 sihi
450 3153 582 3212 invicem
596 3153 638 3212 ita
655 3157 743 3212 erant
757 3154 838 3212 notae
857 3154 977 3225 gentes,
994 3154 1029 3210 ut
1049 3152 1131 3226 leges
1150 3165 1215 3210 om-

129 3267 231 3338 nium,
244 3270 398 3344 instituta,
413 3284 515 3330 mores
535 3271 646 3344 aliquis
664 3273 694 3330 et
708 3273 850 3344 amplecti
864 3274 894 3331 et
903 3271 983 3329 inter
993 3285 1025 3329 se
1039 3285 1217 3344 comparare

130 3388 244 3458 posset3
261 3387 358 3461 quod,
380 3387 553 3446 Elizahetha
572 3392 727 3461 regnanto,
751 3389 870 3463 vixerit,
890 3388 1060 3448 Verulamio
1084 3403 1147 3447 non
1172 3392 1216 3446 est

129 3507 502 3580 meritoexprohranuum.

164 3627 229 3684 Non
245 3629 346 3687 autem
362 3631 550 3700 praetermitti
562 3632 661 3702 potest
676 3631 758 3703 quod
772 3633 878 3692 eadem
889 3632 989 3705 fuerit,
1006 3643 1072 3703 quae
1083 3634 1215 3701 Bacono,

165 4065 195 4130 (ll
216 4065 328 4130 eclog.
343 4066 523 4132 sc.lih.v1u,
545 4080 602 4133 cap.
618 4080 658 4131 ur,
674 4071 697 4118 5.
712 4096 744 4103 -
763 4066 798 4117 cl.
815 4066 952 4131 olelogum
976 4065 1008 4118 de
1032 4065 1103 4119 Bello
1122 4077 1212 4129 sacro,

129 4155 155 4207 in
169 4156 283 4222 Epistola
295 4157 466 4210 dedicatoria.

163 4249 193 4309 (tl
214 4246 266 4300 lhe
278 4246 408 4301 elements
420 4248 448 4301 oi
457 4248 500 4301 the
512 4261 635 4301 common
646 4248 710 4302 laws
723 4248 751 4299 ol
762 4245 893 4312 hoglaml,
907 4246 951 4298 the
962 4246 1077 4311 praiaco

162 4337 191 4401 lsi
212 4337 242 4390 ol
255 4338 299 4393 the
312 4339 379 4392 stato
392 4337 420 4391 ol
431 4339 543 4405 suropo.
558 4367 589 4376 —
603 4339 709 4394 written
720 4338 800 4391 ahout
812 4337 856 4390 the
870 4349 934 4403 year
953 4338 1024 4389 1580.
