2782 4868
617 407 785 470 ...45-

154 582 165 612 t
186 558 345 632 diligentia
363 557 396 616 in
417 557 627 631 ponderandis
645 560 675 617 et
696 557 908 618 examinandis
923 555 1024 617 verbis
1044 556 1239 632 praeambuli,

154 700 165 728 a
191 691 259 752 quae
274 676 437 735 adhibetur
451 676 484 734 in
501 689 629 749 corpore
644 676 743 749 ipsius
758 677 844 748 legis.
863 697 875 729 c

187 796 361 855 ohscuritas
382 794 546 855 verborum
567 808 603 855 eo
623 797 722 868 magis
741 797 880 856 timenda
899 798 963 872 est,
989 798 1073 871 quod
1097 798 1176 856 nihil
1195 800 1241 856 est

151 916 236 990 quod
249 915 370 975 facilius
387 915 491 987 legum
505 915 686 988 scriptorem
700 915 797 974 fallat.
814 915 968 989 Plerisque
981 916 1082 976 verbis
1096 930 1162 976 non
1175 931 1239 976 uno

150 1034 184 1092 in
199 1035 319 1108 vulgari
332 1035 439 1106 lingua
452 1033 637 1108 significatio
652 1037 717 1093 est:
733 1034 809 1108 quid
823 1035 850 1092 si
864 1034 978 1095 adhoc
992 1049 1101 1096 sensus
1116 1037 1241 1096 accedat

150 1143 288 1234 artis'rel
303 1175 437 1233 scientiar
452 1174 613 1247 cujusdam
627 1175 792 1248 proprius?
809 1175 914 1249 ltaque
931 1188 1021 1235 voces
1035 1176 1149 1234 multas
1164 1174 1237 1234 deii-

150 1290 219 1348 nire
239 1291 384 1350 nonnulli
406 1292 565 1365 coepemnt
581 1311 588 1349 :
604 1292 714 1351 iisdem
735 1306 808 1353 xero
829 1278 1077 1367 occurrentibus,
1094 1308 1112 1353 a
1131 1292 1238 1353 dedui-

152 1412 238 1470 tione
258 1425 420 1485 nunquam
440 1424 520 1485 non,
541 1412 630 1471 inuiti
651 1426 786 1486 quoque,
809 1414 973 1487 recedunt,
997 1415 1030 1472 in
1052 1413 1242 1486 usitatosque

150 1546 261 1591 sensus
276 1532 470 1593 delabuntur.
483 1534 561 1602 Quot
576 1532 649 1591 inde
663 1500 779 1592 coorta
786 1533 849 1592 sint
862 1535 969 1593 nostro
984 1533 1017 1591 in
1034 1532 1103 1606 jure
1117 1534 1238 1592 contro·

149 1650 258 1708 versiae
272 1651 388 1709 mirum
402 1652 450 1709 est
467 1648 517 1723 (l).

186 1777 230 1827 De
249 1741 485 1828 accumulatione
509 1771 608 1845 lepcm
632 1773 739 1829 nimio.
767 1803 798 1813 -
824 1772 899 1830 linio
925 1771 1038 1844 duplex
1068 1741 1238 1830 remedium
1278 1801 1281 1805 <

149 1888 291 1948 adhiberi
311 1891 529 1962 potest3>nune
548 1890 633 1949 enim
652 1902 724 1963 pars
743 1863 822 1963 juris
841 1891 982 1950 obruitur
999 1904 1126 1964 quaque
1146 1892 1185 1951 de
1204 1904 1240 1950 ea

152 2008 227 2066 sunt
240 2007 321 2079 leges
336 2006 369 2066 ln
384 2022 484 2067 unum
498 2008 659 2080 cogenda,
674 2022 759 2067 nunc
769 1983 821 2082 jus
836 2023 938 2069 omne.
958 2043 961 2045 Δ
1274 2082 1276 2085 ,

185 2130 226 2186 lle
250 2127 380 2186 materia
403 2127 536 2201 madum
567 2129 708 2202 «duplex
733 2129 767 2187 in
791 2143 884 2188 usum
914 2131 998 2189 venit
1030 2131 1134 2190 statuti
1167 2130 1241 2190 novi

150 2267 163 2296 ιι
184 2247 340 2306 condendi
353 2247 431 2306 ratio
447 2268 454 2306 :
472 2249 567 2308 altera
594 2249 707 2307 statuta
723 2249 829 2321 priora
857 2249 939 2308 circa
966 2249 1049 2308 idem
1068 2249 1239 2322 subjectum

150 2388 164 2420 a
185 2367 349 2426 confirmat
368 2369 398 2426 et
418 2367 559 2442 roborat,
582 2367 654 2425 dein
676 2367 831 2426 nonnulla
844 2367 930 2427 addit
946 2370 999 2426 aut
1012 2354 1128 2442 mutat3
1145 2368 1240 2428 altera

152 2509 165 2537 a
186 2486 313 2558 abrogat
331 2489 361 2545 et
383 2487 462 2545 delet
484 2486 595 2544 cuncta
610 2499 677 2558 quae
694 2487 765 2544 ante
782 2485 925 2545 ordinata
939 2490 1056 2546 suntet
1070 2486 1108 2546 de
1122 2487 1240 2559 integro

152 2630 164 2658 ι
186 2608 285 2680 legem
299 2622 413 2668 novam
427 2600 660 2667 etuniiormem
678 2606 845 2666 substituit.
862 2597 962 2667 Placet
980 2608 1132 2680 posterior
1149 2606 1238 2666 ratio.

150 2752 163 2780 «ι
185 2733 262 2790 Nam
281 2744 317 2790 ex
335 2730 437 2804 priore
458 2731 576 2805 ratione
595 2730 806 2790 ordinationes
823 2731 992 2791 deveniunt
1007 2728 1195 2802 complicatae
1211 2729 1241 2786 et

152 2872 167 2902 α
188 2850 359 2924 perplexe,
391 2854 421 2909 et
450 2851 534 2924 quod
562 2850 656 2910 instat
685 2851 785 2922 agitur
807 2864 900 2924 sane,
927 2851 981 2909 sed
1004 2862 1113 2922 corpus
1136 2848 1239 2919 legum

152 2994 164 3021 a
185 2972 310 3031 interim
330 2972 470 3032 redditur
490 2973 645 3032 vitiosum.
668 2974 703 3031 ln
728 2973 896 3045 posteriore
917 2973 1020 3031 autem
1039 2963 1138 3042 major
1157 2970 1239 3027 certe

152 3095 233 3149 aest
249 3091 425 3151 adhibenda
446 3093 624 3164 diligentia,
646 3093 720 3150 dum
745 3092 782 3150 de
806 3092 871 3162 lege
897 3093 965 3163 ipsa
989 3089 1187 3158 deliberatur;
1211 3086 1240 3144 et

185 3458 216 3520 li)
236 3457 272 3511 be
283 3458 463 3525 descriptione
477 3459 568 3530 legum
578 3459 709 3527 obscura,
722 3461 776 3514 vid.
790 3459 992 3526 Montesquieu,
1009 3453 1104 3524 Esprc't
1121 3451 1164 3507 der
1177 3451 1237 3517 lois,

147 3546 196 3600 lir.
209 3559 291 3613 xxxx,
302 3561 326 3600 o.
338 3561 405 3604 xvx:
419 3549 518 3603 choses
529 3549 545 3602 i
556 3551 687 3604 observor
697 3551 763 3604 dans
774 3551 801 3604 la
812 3549 990 3616 composition
1001 3547 1049 3600 des
1059 3546 1122 3600 lois.
1134 3573 1167 3582 —
1182 3563 1192 3591 x
1202 3544 1237 3596 Le

151 3657 161 3682 e
183 3637 256 3704 style
269 3651 303 3693 en
321 3639 379 3693 doit
391 3641 448 3693 etre
460 3641 598 3694 concis...
614 3642 640 3696 le
653 3642 725 3708 style
737 3641 786 3702 des
798 3640 850 3694 lois
861 3640 919 3693 doit
936 3640 993 3692 titre
1006 3635 1148 3702 simple...
1164 3633 1187 3686 ll
1196 3636 1239 3702 est

151 3750 161 3775 c
182 3731 313 3785 essentiel
330 3745 383 3798 que
398 3732 439 3786 les
458 3732 565 3798 paroles
583 3733 631 3787 des
648 3733 701 3787 lois
711 3732 854 3786 rexeillent
864 3730 1049 3786 ebectousles
1060 3728 1183 3782 hommes
1197 3725 1238 3779 les

150 3840 160 3867 c
181 3821 285 3876 memes
305 3822 392 3877 idees.
403 3862 426 3876 ..
443 3823 562 3891 lorsque
580 3825 647 3878 dans
664 3837 718 3877 une
740 3823 777 3878 loi
799 3823 855 3877 l'on
868 3836 884 3877 a
899 3821 1036 3891 bien-lire
1049 3819 1090 3873 les
1103 3817 1178 3872 ideas
1189 3817 1238 3870 des

150 3931 160 3956 «ι
181 3911 296 3976 choses,
311 3912 331 3966 il
340 3927 375 3968 ne
387 3912 444 3967 iant
456 3927 505 3980 pas
517 3914 624 3970 rerenir
638 3914 653 3968 a
666 3915 714 3968 des
724 3914 898 3980 expressions
911 3925 1024 3978 urgues.
1035 3951 1057 3962 ..
1076 3909 1126 3963 Les
1136 3908 1189 3962 lois
1202 3921 1238 3962 ne

151 4023 161 4048 «ε
182 4003 291 4057 doivent
307 4018 355 4071 pas
375 4005 431 4059 etre
444 4005 573 4070 subtiles;
588 4006 655 4060 elles
670 4011 731 4060 sont
743 4006 820 4060 laites
834 4017 902 4072 pour
913 4005 962 4057 des
976 4015 1044 4069 gens
1053 4002 1086 4054 de
1100 3999 1237 4054 mediocre

152 4113 161 4138 ιι
183 4095 385 4159 entendement;
405 4096 473 4150 elles
494 4110 527 4150 ne
547 4099 608 4150 soni
624 4097 698 4162 point
718 4111 755 4150 nu
774 4098 813 4150 art
832 4079 864 4148 de
880 4094 1003 4161 legique,
1020 4091 1129 4145 mais'la
1146 4091 1237 4144 raison

153 4206 162 4231 ιι
184 4187 279 4254 simple
291 4186 353 4241 d'un
365 4188 429 4254 pere
441 4188 474 4240 de
495 4187 607 4241 familie.
619 4227 641 4238 ..
656 4187 773 4254 lorsque
788 4188 855 4240 dans
877 4198 931 4238 une
953 4183 990 4236 loi
1007 4183 1047 4236 les
1069 4181 1237 4247 exceptions,

153 4295 162 4321 c
182 4276 352 4341 limitations,
365 4279 560 4331 modificatione
573 4318 578 4335 .
591 4292 624 4332 ne
638 4281 698 4331 sont
710 4279 784 4345 point
798 4275 978 4341 recessuros,
992 4273 1011 4325 il
1023 4276 1085 4327 raut
1097 4272 1236 4336 beaucoup

154 4386 164 4412 a
183 4369 272 4424 mieux
283 4371 345 4426 n'en
359 4371 434 4437 point
445 4373 555 4434 mettre,
569 4374 619 4424 otc.
636 4392 645 4415 l
