2782 4868
552 368 721 431 ...23-

96 527 170 602 quia
184 527 346 586 Britannus
363 526 392 583 et
408 525 480 598 qnia
495 525 711 584 cancellarius.
733 523 880 596 Equidem
905 535 968 582 non
990 524 1084 585 semel
1108 527 1183 596 puto

96 650 252 708 honorum
274 662 328 722 spe
348 651 378 707 et
406 658 510 706 amore
524 646 625 705 illatas
649 646 676 704 ei
701 645 849 720 quasdem
872 644 1036 718 opiniones
1064 645 1181 704 fuisse:

97 781 198 840 neque
221 767 402 826 Britannica
433 765 547 824 indolis
576 777 647 823 eum
665 763 855 836 participem
880 762 975 822 iuuisse
997 763 1112 822 infitias
1137 777 1184 823 eo.

99 887 221 954 Quanto
244 885 346 943 autem
370 884 403 942 iu
426 884 545 943 honore
563 884 666 941 vetera
681 882 760 954 siut,
791 883 906 954 quanto
926 882 959 939 in
975 893 1079 941 amore
1094 881 1185 941 hahe-

99 1005 192 1063 antur
205 1004 359 1078 maiorum
382 1004 524 1062 instituta
545 1003 686 1076 legesque
709 1003 791 1075 apud
812 1003 993 1079 Britannos,
1018 1004 1187 1077 presertim

99 1125 182 1197 apud
203 1125 385 1197 prudentes,
405 1135 501 1194 quum
526 1122 618 1181 talem
637 1121 753 1194 injure
767 1122 870 1181 locum
891 1123 1049 1182 vindicent
1062 1125 1189 1198 antiqua

100 1245 255 1318 exempla,
271 1256 363 1303 nemo
379 1242 476 1302 nescit
491 1240 545 1316 tl).
561 1243 626 1300 Alia
635 1244 737 1301 autem
746 1241 805 1301 luit
815 1254 907 1301 causa
922 1257 976 1302 cur
985 1247 1124 1304 Bacchus
1133 1257 1187 1304 an·

100 1366 271 1440 tiquitatem
287 1367 321 1424 iu
335 1365 463 1425 scientia
477 1365 560 1424 civili
574 1344 786 1438 veneraretur,
802 1376 899 1424 novas
915 1376 964 1422 res
977 1365 1138 1437 refugeret.

136 1487 302 1546 Utilitatem
310 1486 546 1546 tundamentum
561 1497 627 1544 esse
639 1484 730 1557 juris,
749 1486 873 1544 auctore
888 1489 1020 1558 Bacouo,
1033 1486 1188 1545 diximus:

106 1627 118 1656 v
140 1604 221 1662 Nihil
236 1607 353 1677 autem,
369 1606 404 1662 ut
420 1603 462 1662 alt
475 1592 724 1675 Macchievellus,
746 1601 904 1661 difficilius
920 1604 982 1677 est,
998 1602 1078 1662 nihil
1093 1605 1191 1664 lucer-

107 1745 120 1774 «
143 1724 221 1797 tius,
242 1724 322 1782 nihil
341 1723 545 1796 periculosius
565 1734 659 1795 quem
681 1721 764 1792 leges
784 1733 883 1780 novas
897 1722 1063 1781 introduci.
1080 1723 1109 1782 Si
1125 1723 1194 1795 quis

108 1865 121 1895 c
143 1845 225 1903 enim
244 1856 296 1904 eas
317 1844 480 1918 proponit,
503 1844 532 1902 ei
555 1842 757 1903 adversantur
779 1844 964 1917 quicumque
985 1859 1022 1904 ex
1041 1846 1195 1907 veteribus

108 1986 122 2020 a
141 1963 305 2025 utilitatem
321 1964 465 2039 capiunt,
480 1978 591 2039 perum
612 1967 796 2024 succurrunt
810 1965 862 2038 qui
878 1979 914 2024 cx
928 1967 1020 2027 novis
1033 1967 1197 2026 utilitatem

108 2106 125 2138 ι
145 2085 286 2160 capiunt,
301 2084 441 2159 quum-et
455 2084 525 2142 illos
538 2059 682 2157 timeant,
693 2085 724 2142 et
738 2084 828 2143 rehus
843 2085 933 2145 novis
947 2087 1041 2144 nimis
1056 2085 1197 2146 diffidere

111 2226 123 2254 ¹¹
147 2205 275 2264 SOlfflllt.
297 2204 337 2278 (ᾖ)
359 2227 371 2258 o

141 2324 225 2394 'Quid
234 2330 325 2386 verot
336 2329 365 2384 et
379 2324 449 2385 ideo
465 2326 593 2398 antique
607 2326 805 2385 veneratione
820 2329 892 2384 suut
908 2327 1017 2400 digna.
1030 2329 1102 2400 quia
1118 2329 1197 2388 auti-

110 2456 174 2518 qua
195 2446 277 2503 suut.
301 2445 368 2504 Nou
391 2445 476 2504 euim
497 2445 627 2505 omnino
650 2446 773 2504 inutilia
794 2459 830 2505 ea
844 2447 940 2505 luisse
953 2447 1120 2506 verisimile
1138 2451 1198 2523 est,

112 2577 211 2636 quum
232 2565 294 2623 tam
313 2565 407 2641 longo
423 2567 730 2639 tempore-steterint,
753 2579 810 2625 uec
831 2568 918 2625 atate
941 2568 1057 2626 sensim
1081 2568 1201 2642 dilapsa

113 2683 192 2757 sint,
208 2684 261 2742 aut
273 2682 501 2744 abdominibus
517 2685 656 2744 sublata:

150 2803 209 2860 Nec
222 2802 313 2862 solus
330 2802 411 2862 iuter
425 2803 628 2876 philosophos
642 2808 748 2864 noster
762 2809 848 2866 tanta
862 2807 1058 2867 veneratione
1073 2807 1203 2867 colenda

115 2935 182 2982 esse
197 2923 335 2984 instituta
350 2925 492 2999 legesque
507 2927 635 2985 censuit.
653 2928 771 2986 scilieet
786 2932 815 2986 et
825 2930 974 2988 cortesius
991 2941 1027 2988 ea
1042 2931 1127 2989 extra
1146 2930 1201 2988 du·

155 3266 186 3332 tlt
205 3266 306 3333 Bacch,
324 3268 522 3335 aproposition
536 3271 563 3321 to
584 3269 628 3323 his
648 3270 760 3336 llajesty
779 3268 908 3335 touchiug
926 3269 972 3323 the
991 3268 1138 3336 compiliug
1154 3269 1206 3323 aud
1232 3325 1234 3328 a

117 3358 289 3436 ameudmeut
301 3357 330 3420 oi
345 3359 391 3414 the
408 3360 475 3416 laus
489 3361 518 3415 ol
534 3361 671 3428 lingland:
698 3382 708 3409 l
729 3362 783 3417 The
796 3362 863 3418 laus
875 3361 904 3416 oi
922 3359 1043 3427 lloglaud
1065 3361 1220 3416 commend¹

121 3467 133 3495 «
153 3447 317 3504 themselves
335 3449 396 3505 hest
407 3455 434 3506 to
447 3452 521 3507 them
537 3451 595 3506 that
612 3453 780 3507 understand
796 3454 903 3507 them...
924 3450 1055 3518 certainly
1074 3450 1141 3518 they
1161 3463 1208 3506 are

122 3560 133 3588 «
152 3542 220 3596 vise
232 3566 239 3608 t
251 3540 316 3610 they
327 3556 374 3597 are
382 3545 440 3610 just
450 3543 502 3598 and
514 3545 742 3607 moderatelaws;
758 3545 823 3612 they
833 3545 897 3611 give
910 3546 937 3598 to
948 3543 1011 3609 dod,
1027 3543 1093 3610 they
1106 3544 1168 3610 give
1179 3547 1207 3598 to

123 3649 134 3679 α
155 3632 258 3699 dieser,
274 3632 339 3700 they
351 3635 413 3700 give
427 3637 454 3688 to
473 3634 519 3688 the
539 3635 658 3701 subjects
675 3634 731 3689 that
756 3635 841 3690 which
864 3634 1060 3702 appertaineth.
1082 3653 1093 3683 r
1115 3664 1148 3672 -
1168 3635 1206 3688 dt.

121 3722 210 3789 ejusd.
223 3723 303 3790 epist.
316 3725 349 3778 ad
358 3724 399 3778 sir
409 3731 437 3779 G.
452 3724 567 3780 Villicrs.
578 3756 611 3764 -
622 3731 639 3780 l
650 3727 749 3793 speech
761 3726 838 3780 made
847 3727 1012 3792 eonceruiug
1023 3725 1069 3779 the
1079 3724 1172 3778 article
1181 3726 1212 3780 ol

120 3812 167 3868 the
177 3815 286 3879 general
295 3816 499 3871 naturalizatiou
511 3818 540 3871 of
549 3819 595 3872 the
607 3818 711 3872 scotish
723 3818 825 3871 ration.
840 3845 872 3854 -
883 3817 957 3870 ldem
969 3816 1095 3870 omuibus
1105 3816 1209 3870 Britan·

120 3904 166 3958 nis
188 3906 367 3974 scriptoribus
393 3909 498 3962 animus
524 3909 594 3963 fuit:
622 3909 683 3962 vide
702 3908 787 3963 multo
818 3910 879 3962 ante
899 3909 1032 3962 Baconum
1054 3904 1209 3971 Fortescue‚

122 3993 154 4048 de
168 3994 308 4050 Laudibus
325 3997 413 4066 teporo
430 3998 551 4067 duplice,
571 4012 628 4066 cap.
647 4011 748 4052 xxviii.
775 4016 785 4046 ι
809 3999 859 4050 dur
878 3995 1007 4063 praedicta
1029 3995 1074 4049 lex
1095 3993 1210 4060 ingliae,

126 4102 138 4131 c
158 4096 218 4152 quac
227 4087 281 4138 tam
294 4085 366 4153 frugi
386 4090 414 4141 ct
429 4088 555 4155 optabilis
568 4091 622 4152 est,
644 4100 700 4141 non
718 4089 760 4140 cst
777 4087 826 4139 toti
838 4085 938 4139 mundo
960 4084 1110 4138 communis
1130 4083 1211 4138 vehe-

128 4193 138 4221 s
158 4176 264 4231 menter
275 4175 392 4230 admiror
407 4199 418 4226 r
430 4181 457 4231 et
469 4190 493 4230 c.
506 4192 551 4231 aiv
564 4176 699 4231 concludit
711 4196 721 4223 u
732 4176 808 4242 leges
821 4175 882 4229 illas
894 4174 993 4228 nedum
1003 4175 1098 4241 bonas,
1110 4173 1212 4241 sedop-

130 4287 139 4311 α
161 4268 241 4322 timas
254 4280 324 4323 esse.
342 4287 352 4313 v
373 4297 405 4306 —
416 4270 469 4328 Oua
480 4270 514 4323 de
526 4284 556 4325 re
566 4269 649 4323 multa
661 4269 813 4324 testimonia
823 4269 943 4334 reperire
956 4270 1006 4320 cst.

162 4359 194 4426 (it
215 4359 251 4414 lic
266 4358 401 4426 Principe,
416 4372 472 4427 cap.
485 4373 523 4412 v1.
