2782 4868
655 392 695 407 ..,
721 361 780 421 18³)
801 392 843 403 ...-

233 515 286 573 llle
296 514 426 574 eslorrio
443 513 535 572 totius
548 514 754 586 praelectionis
772 533 778 569 ε
795 527 859 572 εεε
874 513 977 571 minoe
992 514 1129 573 lucidum
1145 517 1291 575 ordinem

199 636 346 709 cujusque
361 635 457 708 partis
471 632 653 694 uidebimus.

230 756 332 814 Prima
349 769 420 829 pars
443 754 656 814 definitionem
680 757 710 812 et
734 754 896 813 historiam
916 771 1024 811 usuam
1048 756 1196 814 continet.
1220 758 1291 816 ldeo

197 876 385 935 definiuntur·
398 875 492 935 verba
510 877 544 933 ut
561 875 636 947 quid
648 875 744 934 velint
763 874 951 946 intelligatur
968 895 975 931 :
992 888 1058 934 non
1075 876 1169 947 igitur
1183 878 1216 934 iu
1233 878 1290 935 ‹lil-

197 994 327 1053 ssoilibus
343 996 433 1054 rebus
449 996 523 1053 satis
541 997 587 1052 θεῖ
610 992 821 1053 definitionem
841 1007 975 1067 ponere,
999 995 1059 1054 uisi
1079 1000 1216 1056 merrtem
1236 1013 1289 1058 au-

195 1118 308 1175 tliontis
324 1119 367 1176 ita
381 1118 554 1189 parareris,
573 1121 607 1175 ut
620 1131 684 1177 uon
700 1116 793 1176 uerba
811 1130 868 1189 pro
884 1117 1004 1190 verbis,
1021 1118 1075 1175 seri
1090 1131 1220 1178 sensum
1234 1135 1290 1192 pro

193 1235 294 1292 vermis
310 1235 342 1292 in
358 1235 410 1292 illa
426 1235 567 1307 reperiat.
591 1239 703 1292 Usaom
719 1237 821 1294 autem
843 1234 971 1293 materia
986 1248 1050 1294 non
1068 1237 1162 1295 morio
1179 1237 1288 1297 diffici-

196 1354 234 1410 lis
253 1355 314 1427 est,
331 1354 384 1410 seri
408 1353 500 1411 etiam
520 1353 700 1427 singularis,
724 1356 829 1427 utpote
849 1367 916 1426 quae
932 1333 1064 1413 a'solitis
1085 1355 1165 1426 juris
1184 1357 1289 1429 figuris

194 1473 366 1531 abhorreat.
385 1475 524 1532 liaconus
550 1488 615 1533 non
634 1477 704 1532 ante
724 1474 793 1547 quis
816 1475 855 1532 sit
873 1487 948 1532 usus
973 1473 1080 1533 definit
1106 1490 1200 1548 quarn
1222 1478 1291 1551 quis

195 1607 260 1652 non
283 1594 322 1651 sit
341 1594 444 1653 lueida
466 1595 614 1654 docuerit.
631 1597 666 1652 ln
682 1594 735 1654 illo
752 1599 914 1667 nequejm
929 1599 961 1650 ta
977 1610 1010 1650 re
1026 1596 1074 1655 vel
1091 1600 1145 1668 jas
1167 1596 1211 1652 ad
1228 1613 1289 1654 rem

194 1726 273 1786 esse,
295 1727 394 1786 neque
413 1714 555 1772 fraudem
570 1714 691 1787 probat.
711 1714 803 1785 lude,
821 1728 917 1787 quum
940 1731 1012 1771 εεεε
1032 1715 1153 1774 fiduciae
1171 1717 1288 1790 speeies

194 1835 313 1892 tantum
327 1836 380 1909 sit,
402 1835 434 1892 in
450 1835 563 1893 fiducia
580 1836 736 1908 paulisper
758 1835 964 1895 immoratur:
981 1849 1049 1908 quae
1064 1836 1118 1894 ulri
1143 1843 1291 1896 constans

197 1956 242 2010 est
257 1967 315 2013 neo
328 1955 367 2012 ad
381 1969 477 2012 unam
493 1957 611 2026 partem
628 1957 747 2013 tantum
763 1957 903 2029 constat,
918 1973 989 2013 usias
1003 1961 1067 2014 est:
1085 1958 1159 2016 tuno
1179 1958 1287 2016 delini·

197 2071 238 2130 tio
256 2071 367 2129 datur:
388 2093 398 2122 ε
416 2076 490 2128 Usus
504 2074 550 2131 ost
565 2071 678 2131 fiducia
697 2075 854 2132 contracta
869 2087 939 2132 oum
955 2087 990 2131 eo
1006 2074 1058 2146 qui
1078 2075 1192 2133 terram
1209 2078 1289 2135 ῖθεθῖ

198 2215 209 2243 ε
231 2196 266 2250 ut
281 2193 413 2268 aliquem
439 2208 475 2252 ea
497 2194 557 2252 frui
583 2194 665 2251 sinat
684 2197 713 2251 et
737 2207 805 2252 eam
826 2195 995 2254 secundum
1012 2195 1173 2253 arbitrium
1192 2196 1288 2269 ipsius

198 2336 208 2365 ε
229 2316 374 2374 lrabeat...
401 2317 624 2375 convenienter
649 2316 720 2374 huie
751 2316 914 2389 divisioni,
938 2315 989 2387 jus
1018 2314 1209 2391 precarium,
1239 2317 1286 2375 oui

199 2457 208 2484 ε
231 2436 351 2494 nullum
375 2439 420 2495 est
445 2437 573 2495 omniuo
598 2435 788 2509 remedium,
808 2435 859 2508 jus
883 2434 1097 2507 fiduciariam,
1116 2435 1165 2492 oui
1192 2448 1285 2494 reme·

197 2577 208 2605 ε
230 2556 314 2613 dium
341 2558 375 2614 in
400 2557 589 2616 conscientia
614 2560 733 2615 tautum
753 2559 817 2630 est,
835 2556 886 2628 jus
909 2556 1096 2626 legitimum,
1117 2555 1167 2613 oui
1192 2568 1286 2613 reme·

197 2697 208 2725 ε
231 2676 316 2733 dium
331 2676 363 2732 in
384 2675 459 2745 lege.
474 2695 484 2724 ε
513 2674 590 2743 Quid
606 2676 645 2732 sit
670 2678 773 2741 autem¹
788 2673 983 2732 eonscientiae
999 2673 1169 2732 remedium
1187 2674 1286 2745 docet3

195 2797 415 2856 conscientiam
427 2797 509 2855 euim
525 2798 577 2854 aut
588 2795 739 2868 privatam
756 2795 808 2852 aut
821 2794 975 2867 puhlioam
991 2807 1071 2868 esse,
1088 2794 1120 2853 iu
1136 2796 1201 2868 est,
1219 2799 1288 2854 can-

194 2917 308 2975 cellarii
324 2919 458 2989 curiam,
476 2917 618 2974 declarat.
641 2917 714 2973 Tum
735 2914 809 2987 quid
829 2914 869 2971 sit
889 2915 958 2986 jue,
981 2926 1047 2986 qua
1066 2916 1105 2972 sit
1125 2915 1217 2973 istius
1234 2928 1285 2972 na-

195 3040 263 3095 tura
283 3038 451 3096 clarissime
476 3039 611 3110 apparet.
632 3035 717 3105 Quod
742 3036 766 3092 si
789 3035 1000 3094 definitionem
1021 3037 1092 3093 ante
1107 3035 1216 3094 omnia
1233 3049 1285 3106 po·

194 3160 370 3232 nemoralis,
385 3160 455 3217 dein
469 3172 536 3217 eam
548 3158 713 3230 explanare
724 3157 859 3231 cogaris,
872 3160 901 3214 el
912 3201 918 3229 ,
931 3160 1094 3228 postquam
1106 3170 1175 3215 eam
1191 3157 1289 3229 expla-

195 3281 332 3353 naverlS,
356 3281 465 3338 iterum
481 3292 614 3352 ponere3
635 3280 709 3337 satis
730 3281 775 3336 θεῖ
797 3291 864 3336 eam
881 3279 974 3336 semol
988 3279 1084 3351 poni,
1106 3277 1287 3336 scilicetubi

195 3398 262 3470 oapi
278 3401 386 3468 potest.
566 3383 568 3387 ’

230 3519 305 3577 lndo
320 3518 359 3577 ad
374 3518 535 3576 historiam
551 3538 557 3574 :
576 3519 609 3576 in
627 3532 687 3590 qua
703 3518 839 3589 primum
857 3519 965 3591 quaerit
980 3522 1119 3577 Baoonus
1135 3531 1213 3576 num
1229 3518 1289 3576 alra

194 3638 307 3695 fuerint
321 3637 477 3709 instituta,
495 3651 602 3691 usuum
618 3635 751 3693 similia:
769 3658 778 3684 ι
793 3637 869 3705 Quia
881 3637 912 3693 in
924 3637 1015 3694 rebus
1031 3634 1165 3707 publicis
1180 3635 1289 3693 eadem

197 3777 208 3806 ε
230 3758 366 3817 accidere
378 3758 478 3816 solent
491 3776 497 3812 :
509 3756 542 3813 in
558 3756 623 3826 lege
641 3758 743 3813 autem
760 3756 842 3815 civili
859 3756 957 3828 reperi
975 3756 1056 3827 quod
1073 3754 1203 3814 nomine
1219 3753 1290 3812 usui

195 4183 205 4210 ε
227 4167 250 4216 2.
264 4163 330 4216 daus
342 4175 391 4215 son
401 4162 454 4215 etat
465 4161 566 4225 aotuel;
582 4163 606 4212 3.
619 4161 684 4212 daos
698 4158 739 4211 les
749 4158 1025 4224 perfectionnemonts
1036 4155 1136 4223 qu'elle
1149 4155 1244 4208 attend
1255 4155 1290 4207 do

193 4275 203 4301 ε
222 4254 343 4308 l'auenir.
359 4255 390 4306 Ge
402 4253 448 4320 qui
460 4251 514 4315 lut,
528 4265 559 4306 oe
573 4253 686 4318 quiesi,
701 4263 731 4304 oe
743 4250 789 4316 qui
800 4249 856 4301 doit
868 4251 939 4312 etro,
954 4247 1026 4302 rolla
1037 4249 1079 4302 los
1091 4247 1158 4300 trois
1171 4247 1279 4312 parties

195 4367 204 4394 l
225 4345 289 4400 d'un
301 4345 501 4410 enseignement
514 4344 558 4409 qui
572 4343 659 4409 aspire
673 4339 687 4394 a
701 4341 757 4396 ῖῖῖθ
770 4339 895 4407 complet.
912 4360 921 4383 l
