2782 4868
613 361 776 421 ..65-

148 529 242 590 quam
261 515 366 586 <gravis
385 515 415 573 el
438 513 611 587 periculosa
625 513 665 571 sit
680 513 844 572 interillos
858 512 1066 586 populumque
1082 513 1234 574 dissensio

147 633 233 693 haud
248 645 326 705 agre
340 631 531 704 intelligitur.
552 631 630 701 Quid
649 631 728 692 ratio
747 631 825 692 uelle
843 630 983 691 videatur
1000 645 1170 703 paucorum
1191 632 1237 689 est

148 749 329 821 decernere,
346 748 486 809 omnium
500 761 652 822 quarere,
668 762 726 807 nec
745 749 826 808 intra
838 761 945 807 muros
960 751 1123 840 senatuum
1136 749 1238 822 potest
1296 729 1299 734 ’

147 868 268 928 includi
282 871 335 929 aut
348 884 455 930 verum
470 871 524 931 aut
537 870 602 931 veri
618 871 778 944 inquisitio
798 869 852 944 (l).
872 870 959 929 Adde
975 870 1059 943 quod
1077 869 1236 929 exacerbe-

147 997 217 1044 rarc
242 986 364 1046 animos
387 987 495 1060 populi
517 989 607 1048 valde
629 989 837 1061 periculosum
866 989 925 1063 sit,
949 1001 1008 1047 nec
1032 987 1099 1047 sine
1122 1000 1236 1059 magno

148 1102 328 1163 discrimine
343 1105 402 1180 ipsi
417 1106 529 1165 rationi
542 1107 685 1180 juncatur
698 1110 727 1166 et
741 1109 868 1179 cogatur
880 1108 933 1167 ille
949 1107 1064 1168 invims
1078 1118 1196 1181 parere.

184 1225 278 1283 Nemo
292 1225 391 1283 nescit
405 1225 438 1285 in
452 1226 561 1297 englia
575 1226 745 1287 diutissime
758 1228 835 1287 vicis
849 1227 1050 1301 quibusdam,
1066 1237 1144 1299 quos
1158 1228 1238 1284 reete

142 1343 287 1422 putridos
301 1343 423 1418 dixere,
436 1345 487 1417 jus
500 1345 595 1405 luisse
611 1345 832 1405 mittendorum
847 1346 886 1405 ad
904 1346 1142 1405 parliamentum
1156 1345 1236 1416 lega-

148 1463 269 1535 torum3
285 1464 370 1533 quod
385 1465 414 1523 et
428 1464 601 1525 uoluntates
615 1466 780 1526 hominum
797 1480 863 1526 non
880 1465 955 1525 satis
969 1467 1130 1540 perspicue
1144 1479 1237 1539 appa·

148 1595 232 1658 rere,
246 1584 277 1643 et
289 1584 367 1645 ratio
382 1585 458 1658 quid
472 1586 563 1645 vellet
581 1586 662 1645 male
680 1587 790 1660 quari,
811 1589 841 1645 el
860 1587 991 1645 nimium
1012 1586 1115 1657 gratia
1135 1586 1239 1645 locum

148 1703 281 1778 relinqui
301 1717 400 1762 oausae
419 1705 488 1765 fuit.
504 1686 758 1765 lantum'vitium
777 1705 897 1778 primus
916 1704 1069 1777 increpuit
1083 1708 1238 1776 damnus,

149 1837 207 1883 nec
227 1823 296 1896 ipso
315 1825 350 1883 in
367 1824 571 1885 parliamento
592 1825 743 1885 dubitavit
757 1826 859 1899 queri,
875 1825 958 1898 quod
972 1823 1062 1884 mulli
1076 1837 1133 1896 pro
1149 1824 1237 1882 deso-

147 1943 220 2001 latis
233 1943 323 2016 alque
338 1943 447 2002 dirutis
462 1945 538 2004 vicis
551 1944 602 2004 hic
618 1945 760 2004 sederent
775 1944 828 2018 (nl.

185 2065 248 2121 llo‘c
269 2063 374 2122 minus
397 2063 494 2136 probo
517 2065 600 2137 quod
622 2067 728 2126 noster
748 2078 768 2124 a
786 2077 856 2136 rege
875 2063 1007 2124 voluerit
1026 2062 1129 2133 augeri
1149 2073 1241 2134 posse

148 2180 320 2251 legatorum
339 2189 511 2240 numerum·
524 2179 586 2254 (3);
608 2181 683 2241 hinc
704 2182 787 2241 enim
806 2169 1046 2240 eos'mittcndos
1072 2177 1240 2237 rectissime

149 2298 240 2359 docet
253 2299 384 2372 scriptor
397 2301 524 2372 gallicus
540 2301 595 2375 (d),
612 2301 665 2360 ubi
678 2301 743 2373 jam
753 2301 834 2360 cives
845 2299 908 2358 sint
918 2299 961 2356 ila
971 2296 1112 2355 instructi
1123 2295 1238 2354 ornati·

150 2432 227 2492 que,
249 2421 283 2478 ul
306 2420 381 2493 quid
404 2420 444 2478 sit
468 2423 627 2480 veritatem
652 2435 688 2480 ac
713 2421 864 2479 rationem
888 2429 1024 2492 quarere
1048 2413 1239 2486 intelligant,

150 2551 279 2612 quaeque
303 2552 351 2597 res
376 2540 416 2599 ad
439 2540 526 2598 illam
550 2540 768 2613 inquirendam
792 2541 904 2612 presto
930 2537 1063 2596 debeant
1085 2548 1152 2593 esse
1174 2547 1239 2593 non

148 2658 311 2732 ignorent,
331 2659 456 2718 illomm
476 2661 578 2718 autem
598 2672 747 2718 numems
768 2659 838 2718 talis
857 2659 898 2717 sit
913 2662 948 2716 ut
967 2671 1033 2717 non
1055 2657 1184 2717 omnino
1204 2669 1241 2714 ex

150 2777 248 2849 gratia
266 2779 315 2840 vel
333 2778 452 2840 invidia
470 2779 604 2852 pendeat
623 2781 692 2853 quis
712 2780 877 2851 delegetur.
896 2778 984 2847 Quod
1006 2779 1049 2836 ite
1075 2790 1108 2834 se
1130 2775 1241 2835 haheat
1341 2797 1346 2805 ’

149 2899 237 2959 uicus
255 2900 381 2974 quidam
400 2901 464 2973 regi
486 2914 562 2960 sane
578 2903 680 2974 potest
701 2913 865 2975 apparere,
880 2913 947 2958 non
968 2899 1057 2957 aliter
1071 2899 1161 2969 arque
1174 2895 1240 2968 ipse

150 3023 252 3093 polest
271 3035 326 3094 per
343 3035 377 3080 sc
398 3022 472 3095 quid
494 3023 572 3082 ratio
593 3025 700 3096 poscat
719 3022 859 3082 invenire
880 3042 887 3080 ε
910 3020 989 3079 nulli
1008 3033 1082 3078 vero
1102 3019 1186 3077 hunc
1206 3019 1239 3075 in

149 3141 278 3201 modum
300 3140 520 3202 confidendum
540 3146 587 3201 est
605 3145 640 3201 ut
658 3156 740 3201 unus
763 3141 817 3200 tali
837 3141 875 3198 de
900 3153 932 3198 re
956 3140 1087 3211 statuat3
1109 3151 1180 3208 neo,
1205 3139 1240 3194 ut

151 3275 231 3335 reor,
242 3261 395 3321 abstinere
411 3265 502 3335 queat
516 3277 568 3322 rex
582 3263 657 3336 quin
670 3263 816 3334 suffragia
830 3262 938 3335 addat,
951 3261 978 3320 si
993 3259 1067 3334 quid
1083 3257 1238 3319 commodi

147 3380 190 3438 ad
213 3381 343 3440 consilia
363 3382 505 3455 quadam
527 3383 722 3455 exsequenda
742 3383 815 3441 inde
836 3383 876 3441 ad
900 3396 933 3440 se
951 3381 1125 3441 redundare
1149 3391 1239 3452 posse

151 3498 324 3557 arbitretur.

188 3867 218 3931 ll)
229 3866 261 3919 ll.
272 3866 376 3932 Guirot,
390 3865 438 3919 loc.
451 3867 498 3920 cit.

186 3953 223 4023 (i)
242 3975 252 4004 s
270 3957 320 4011 For
337 3955 525 4026 desolateland
545 3956 663 4024 decayed
679 3956 827 4024 boroughs.
846 3976 856 4004 r
879 3959 897 4010 l
913 3956 1028 4023 speech,
1044 3957 1113 4019 etc,
1129 3966 1238 4009 concer-

150 4048 228 4115 ming
238 4049 285 4103 the
293 4049 401 4104 articles
412 4049 441 4104 oi
452 4050 496 4104 the
507 4049 618 4116 general
625 4049 832 4105 naturalization
846 4048 875 4102 ol
888 4048 933 4102 the
946 4047 1049 4101 scollsh
1061 4046 1162 4101 aetion.

187 4140 217 4204 (3)
237 4140 255 4193 l
274 4143 446 4207 procuratlon
471 4141 586 4195 towards
610 4142 655 4197 the
677 4142 761 4196 unlon
783 4141 811 4196 of
836 4142 880 4196 tlre
903 4140 969 4194 laus
995 4137 1023 4193 ol
1045 4137 1165 4204 llngland
1188 4138 1239 4191 and

153 4229 285 4284 scotland.

189 4321 217 4383 tl)
231 4319 262 4371 ll.
277 4319 380 4384 Guirol7
395 4317 442 4376 loc.
456 4321 501 4372 cil.
