2782 4868
611 340 779 399 ...75-

145 496 276 569 quidem
296 492 491 567 parliamenti
506 492 586 551 valet
602 490 784 562 auctoritaS,
798 503 840 548 ne
855 489 986 562 lngtipae
1004 488 1128 562 quidem
1143 488 1248 560 vigent

147 616 246 687 leges,
263 601 514 684 quandoquidem
536 624 601 669 non
621 609 654 672 in
675 609 794 682 partem
809 607 930 680 anglia
950 608 1070 667 venisse
1091 607 1244 674 videntur,

150 735 213 792 sed.
223 733 476 815 omninoaltcge
490 730 635 804 pendent.
1133 733 1136 738 '

184 856 245 912 Nec
258 852 376 924 legibus
399 852 532 923 anglicis
546 851 643 910 ntihrr
657 864 799 924 regnum,
814 864 879 908 non
894 849 988 910 armis
1004 849 1176 922 domitum,
1192 849 1245 906 sed

143 970 216 1041 jure
234 968 352 1039 anglia
369 968 563 1043 adjunctum,
584 969 686 1042 potius
705 981 799 1042 quarn
814 981 884 1027 cum
900 981 936 1026 eo
955 967 1097 1040 junctum
1110 978 1117 1036 ,·
1132 965 1249 1025 scilieet

149 1088 253 1147 scotia
268 1086 325 1161 (l).
382 1120 385 1124 -

182 1207 297 1277 scotie
307 1219 365 1267 sua
378 1207 535 1278 instituta,
552 1221 644 1267 suum
660 1205 917 1278 parliamentum,
934 1205 1094 1278 suumjus·
1106 1205 1247 1274 manent;

149 1336 208 1380 nec
221 1322 261 1380 iis
277 1322 422 1396 derogare
439 1321 510 1380 licet
528 1321 591 1393 regi
607 1341 614 1379 :
639 1343 651 1373 o
672 1323 811 1396 Quoties,
826 1322 870 1380 ait
894 1323 1017 1395 noster,
1031 1317 1187 1391 legitimus
1202 1320 1248 1376 est

152 1461 165 1487 o
188 1454 222 1497 m
234 1439 367 1514 quadam
377 1440 505 1511 regione*
512 1453 575 1514 rex,
586 1442 667 1512 leges
678 1442 798 1500 mutare
807 1440 924 1514 nequit,
933 1439 1021 1502 abiis
1031 1441 1150 1499 creatus
1166 1437 1246 1511 lat»

148 1559 405 1635 Aquitaniamque
415 1561 580 1635 memorat,
595 1561 646 1618 cui
658 1561 740 1632 leges
750 1574 822 1619 suas
836 1561 988 1619 mansisse
1003 1573 1125 1633 quoque
1142 1559 1248 1632 refert3

150 1693 210 1739 nec
224 1678 302 1752 regi,
317 1678 345 1736 si
359 1679 502 1752 expulsus
517 1679 568 1753 sit,
583 1679 614 1739 vi
629 1680 731 1738 autem
754 1680 911 1751 recuperet
925 1692 1071 1750 regnum,
1087 1678 1192 1743 minus
1206 1679 1248 1736 le-

150 1797 291 1870 gitimam
312 1810 379 1857 esse
400 1799 582 1871 potestatem
607 1781 843 1872 scrihit,=qu'um
861 1811 918 1858 sua
936 1798 1065 1872 quisque
1086 1801 1138 1857 aut
1155 1797 1249 1857 armis

151 1919 207 1973 aut
218 1915 287 1989 jure
302 1919 392 1988 queat
405 1918 552 1990 recipere.

188 2036 251 2091 Hoc
273 2046 393 2106 semper
414 2035 526 2094 Jacoho
554 2036 639 2094 cordi
661 2037 722 2094 luit
741 2040 777 2095 ut
801 2038 941 2110 angliam
964 2037 1155 2111 scotiamque
1185 2052 1250 2097 non

151 2130 247 2212 modo
258 2153 403 2226 nomine,
419 2153 472 2212 sed
491 2155 583 2212 etiam
602 2169 634 2213 re
654 2155 869 2230 conjungeret,
889 2170 1047 2229 unumque
1062 2156 1247 2215 parliamen-

152 2273 233 2345 tum,
249 2285 345 2331 unam
358 2273 457 2344 legem
472 2273 584 2332 faceret
598 2272 653 2347 (3).
670 2278 811 2346 Magnum
826 2287 900 2332 sane
914 2274 1094 2348 consilium,
1107 2274 1249 2344 dignum-

153 2403 215 2465 que.
234 2392 317 2463 quod
335 2392 439 2457 statim
460 2406 568 2452 omnes
589 2395 858 2468 amplecterentur,
873 2408 937 2453 non
952 2395 986 2451 in
1008 2395 1132 2452 centum
1150 2407 1251 2453 annos

152 2510 270 2569 differri
285 2511 472 2584 paterentur!
483 2512 564 2570 lluic
578 2512 763 2571 obstiterunt
782 2526 877 2586 quum
896 2512 1100 2572 recentiorum
1117 2511 1249 2570 inimici-

156 2629 269 2688 tiarum
278 2630 438 2702 memoria,
453 2630 519 2689 tum
530 2630 649 2690 diversa
660 2631 740 2690 inter
754 2644 786 2689 se
795 2631 898 2690 studia
911 2631 1135 2704 commodaque
1151 2633 1196 2690 tot
1207 2631 1248 2687 vi-

155 2764 263 2810 rorum
275 2754 433 2810 :diaconus
447 2765 519 2812 vero
533 2751 678 2826 adhesit,
690 2766 789 2826 neque
799 2766 937 2826 unquam
947 2753 981 2810 id
996 2754 1050 2812 aut
1063 2751 1252 2824 argumentis

154 2871 265 2931 lhlcire
279 2875 330 2948 aut
344 2872 487 2931 landinus
502 2887 664 2948 exornare,
680 2874 745 2948 sive
763 2875 804 2932 ad
819 2877 929 2946 Regem
945 2873 1123 2944 scribendo,
1141 2871 1252 2931 sivein

154 2992 358 3053 parliamento
378 2994 515 3069 orando,
539 2994 602 3068 siue
627 3007 731 3054 coram
758 2994 861 3068 judice
888 2993 1060 3066 loquendo,
1082 2992 1172 3051 desiit
1196 2990 1250 3063 ll).

84 3190 86 3193 ι
155 3108 309 3182 Principio
317 3109 368 3182 jns
383 3110 540 3183 publicum
550 3110 712 3185 coniungi,
725 3123 789 3169 non
797 3112 964 3185 privatum,
976 3115 1113 3169 Baconus
1124 3110 1249 3168 suadet:

158 3227 325 3288 consilium
343 3230 446 3288 iacobi
465 3230 574 3302 prohat
588 3233 618 3287 et
633 3231 707 3288 utile
718 3231 895 3302 justumque
916 3230 1061 3302 declarat,
1074 3227 1170 3297 dividi
1180 3240 1254 3286 vero

195 3597 225 3659 (tt
239 3596 277 3667 ΤοΙ
288 3596 384 3650 liobert
398 3599 478 3657 cecil.

196 3685 227 3746 tlt
246 3683 300 3755 The
310 3689 451 3751 argument
462 3687 492 3739 in
501 3687 548 3741 the
559 3701 621 3741 case
635 3687 716 3740 oltlre
730 3688 855 3741 Postnatl.

197 3776 227 3839 [3)
246 3775 341 3828 ltacon.
353 3777 441 3831 letter
451 3791 540 3830 nxxnr
554 3782 581 3831 to
592 3779 636 3832 the
648 3779 704 3832 carl
715 3779 744 3832 ol
752 3779 994 3834 Northumberland
1008 3797 1014 3834 :
1038 3801 1047 3826 o
1065 3782 1103 3834 lle
1112 3781 1254 3835 hastenetlr

161 3886 172 3911 u
194 3866 1251 3938 toamixtureolbothlringdomslartherperhapsthanpolicywillwaltheri.»

197 3960 228 4023 (tt
248 3958 350 4012 lbriet
360 3959 500 4014 discourse
519 3961 548 4013 ol
565 3963 611 4015 the
626 3963 716 4029 happy
727 3963 811 4015 union
822 3963 852 4016 ot
869 3963 914 4016 the
925 3963 1069 4028 kingdoms
1088 3963 1117 4016 ol
1135 3963 1254 4029 dugland

159 4050 215 4102 and
227 4049 362 4102 scotland.
376 4081 409 4088 —
422 4052 525 4104 certain
541 4052 649 4106 articles
661 4067 692 4106 or
708 4055 921 4108 considerations
932 4054 1063 4120 touchlng
1074 4055 1119 4108 the
1130 4055 1214 4108 nnion
1227 4056 1256 4109 ol

162 4141 209 4194 the
228 4141 372 4206 kingdoms
389 4143 417 4196 ol
430 4143 549 4208 ltngland
569 4145 620 4196 and
640 4144 771 4198 scotland.
788 4175 818 4183 —
834 4147 851 4198 l
865 4145 964 4212 speech
982 4146 1010 4198 in
1026 4145 1071 4199 the
1088 4146 1254 4200 honourahlc

162 4230 249 4284 house
262 4231 290 4283 ol
302 4245 456 4296 commum,
474 4235 637 4299 concerniug
649 4235 695 4287 the
706 4236 814 4289 articles
827 4236 854 4299 ol
865 4235 909 4288 the
928 4236 1038 4300 general
1050 4236 1253 4290 naturalitation

164 4319 194 4372 ol
205 4319 465 4376 theScotislrnallun.
480 4353 508 4360 —
519 4323 571 4378 llic
583 4326 723 4387 argument
736 4325 815 4378 iotlrc
829 4338 889 4379 caso
903 4324 930 4378 ol
941 4324 1115 4392 thel‘ostnali,
1127 4328 1248 4401 etc.,etc.
