2782 4868
600 409 789 469 -155-
846 358 848 361 ’

147 558 295 617 credibile
321 560 383 630 est,
405 558 462 616 nec
486 558 599 631 injuria
618 561 676 631 uir,
701 561 733 619 in
759 575 819 633 quo
838 565 967 635 utraque
989 563 1113 638 ttondit,
1139 567 1240 626 dicero

148 693 161 722 a
183 671 350 730 discidium
371 671 458 745 quasi
480 673 592 745 lingue
618 675 708 746 atque
722 675 839 749 cordis,
854 679 888 735 ut
903 676 956 736 alii
977 691 1034 737 nos
1052 692 1172 752 sapere,
1188 681 1241 740 alii

150 811 162 839 ι
185 788 287 848 dicere
298 789 638 863 docerent,ahsurdum
648 805 722 852 sanc
731 795 761 852 ct
770 794 878 853 inutile
888 797 917 854 et
925 797 1237 868 reprehendendum»

146 907 284 967 declarat
298 907 323 981 (t
331 915 358 983 ,3
375 911 405 967 et
423 909 529 968 infra:
548 931 561 959 ι
578 912 633 970 llla
648 912 695 971 vis
709 914 812 974 autem
833 913 1015 986 eloquentia
1037 919 1124 976 tanta
1142 920 1189 977 est
1208 922 1243 977 ut

150 1049 162 1077 ι
184 1027 325 1087 omnium
339 1041 459 1102 rerum,
476 1029 639 1104 virtutum,
651 1031 842 1107 officiorum,
854 1034 1017 1108 omnisque
1031 1037 1160 1110 naturae,
1175 1051 1243 1110 quae

148 1171 161 1195 a
180 1146 466 1216 moreshominum‚
484 1162 550 1220 quae
566 1148 699 1223 animos,
715 1164 782 1223 que
794 1152 889 1211 vitam
901 1153 1058 1226 continet,
1074 1153 1236 1228 originem,

149 1286 162 1317 a
183 1265 248 1324 vim
261 1254 517 1339 incitationesque
534 1270 659 1326 teneat:
676 1268 785 1327 eadem
802 1283 919 1340 mores,
934 1271 1033 1345 leges,
1046 1271 1117 1344 jura
1127 1271 1241 1330 descri-

152 1406 163 1433 ι
186 1384 257 1458 bat,
279 1398 344 1443 rem
372 1385 528 1458 publicam
552 1388 650 1460 regat,
672 1387 851 1460 omniaque,
872 1388 912 1447 ad
931 1401 1157 1463 quamcumque
1178 1403 1243 1449 rem

151 1528 164 1555 α
185 1506 375 1579 pertineant,
390 1507 498 1592 ornate
513 1507 698 1579 copioseque
720 1507 803 1566 dicat
816 1508 870 1581 (a).
889 1512 985 1583 »lpse
1006 1510 1131 1581 quidem
1149 1515 1241 1570 Boco-

150 1641 210 1688 nus
221 1629 307 1689 cordi
316 1628 425 1687 habuit
437 1628 666 1702 philosophiam
681 1629 862 1701 eloquentie
884 1630 1056 1689 immiscere
1073 1630 1169 1705 (quod
1183 1632 1240 1689 tes-

150 1750 232 1808 tatur
242 1741 418 1809 orationum
433 1749 499 1822 ejus
515 1750 714 1822 prooemium)
731 1749 875 1822 quodque
891 1750 1092 1810 immiscuerit
1110 1751 1241 1810 laudan·

149 1870 226 1928 dum
236 1883 304 1928 esse
316 1869 413 1928 duxit.
431 1873 517 1928 llunc
532 1871 615 1928 enim
631 1884 699 1944 quae
714 1870 753 1929 sit
763 1870 892 1944 precarii
904 1870 1001 1945 juris,
1017 1885 1084 1945 quae
1104 1871 1242 1944 perpetui

149 1991 262 2072 natura
276 1990 403 2064 querit,
419 2004 504 2049 nunc
514 1989 552 2049 de
561 1990 644 2062 regia
658 1993 821 2065 potestate,
834 1990 866 2049 id
882 1992 939 2064 est,
951 1991 988 2050 de
998 1991 1134 2050 maxima
1143 1990 1242 2050 civilis

149 2108 299 2166 doctrina
312 2111 398 2180 parte
409 2107 564 2167 luculento
585 2107 721 2182 disserit,
738 2109 855 2167 nullius
872 2109 948 2181 legis
969 2108 1083 2168 auxilio
1104 2122 1242 2182 unquam

152 2227 260 2301 utitur,
277 2227 340 2285 nisi
353 2240 421 2286 eam
438 2227 567 2286 omnino
585 2227 698 2287 rationi
712 2230 951 2287 consentaneam
966 2241 1032 2286 esse
1051 2228 1241 2306 demonstra·

148 2347 242 2420 verit3
254 2346 280 2405 si
289 2347 368 2409 forte
378 2348 406 2405 ei
416 2321 492 2406 usus
505 2346 658 2421 objicitur,
673 2361 740 2419 quae
750 2361 818 2406 esse
827 2346 1031 2408 debeatillius
1040 2347 1099 2420 vis,
1116 2346 1241 2419 quando

146 2474 205 2534 pro
220 2462 528 2533 ragulaadhihendus
538 2462 589 2537 sit,
609 2462 733 2535 quando
748 2476 804 2535 pro
820 2476 923 2521 errore
938 2463 1127 2535 abiiciendus
1142 2464 1240 2523 docet.

150 2581 279 2642 Maxima
292 2583 367 2645 inde
380 2583 525 2658 dignitas,
541 2584 675 2643 maxima
689 2585 823 2655 gravitas
837 2584 955 2643 accedit
969 2585 1112 2658 orationi,
1129 2584 1242 2656 diguus
1362 2604 1363 2607 ¹

150 2700 278 2772 quidem
296 2701 471 2774 eloquentia
489 2703 605 2767 lorensi
630 2704 769 2762 ornatus.
784 2707 843 2779 Nec
859 2705 932 2762 satis
949 2724 956 2762 ε
972 2704 1035 2769 fere
1049 2704 1129 2766 nihil
1143 2705 1242 2778 magis

153 2821 193 2879 ad
204 2821 606 2882 convincendashominum
615 2824 734 2882 mentes
749 2824 839 2883 valet.
855 2826 889 2880 ln
901 2824 1105 2883 parliamento
1120 2838 1242 2898 quoque

151 2955 232 3015 sape
245 2941 461 3014 philosophico
477 2956 620 3004 sermone
639 2957 714 3002 usus
735 2945 781 3000 est
798 2947 955 3017 Baconus,
972 2942 1086 3016 ubique
1105 2942 1241 3016 philoso-

150 3061 444 3135 phtapolluit.,1deo
460 3077 531 3126 eum
545 3064 676 3122 libenter
691 3063 848 3123 conteram
863 3077 935 3122 cum
944 3064 1011 3124 viro
1026 3063 1079 3123 illo
1101 3063 1153 3136 qui
1170 3064 1200 3121 el
1210 3063 1243 3120 in

149 3181 368 3256 philosophia,
384 3184 414 3240 et
429 3184 462 3241 in
474 3182 618 3257 historia,
634 3183 706 3241 etin
721 3182 913 3263 eloquentia,
929 3148 1016 3241 atate
1031 3184 1151 3255 nostra,
1167 3180 1242 3239 emi·

152 3301 231 3375 nuit,
247 3315 283 3360 eo
297 3301 406 3360 ceteris
420 3302 562 3374 prestitit
578 3302 661 3375 quod
678 3300 909 3375 philosophiam
922 3314 993 3360 cum
1011 3300 1156 3373 historia,
1172 3313 1243 3358 cum

152 3417 327 3491 eloquentia
341 3416 535 3490 conjunxerit
550 3435 558 3491 3
577 3417 698 3475 utinam
714 3419 744 3475 et
763 3417 797 3475 in
816 3431 920 3476 rerum
940 3417 1132 3490 publicarum
1146 3416 1241 3476 admi-

153 3535 841 3608 nistrationedignusluissetverulamiusqui
857 3536 1205 3597 cumilloconferretur!
1259 3571 1263 3575 -

188 3655 281 3715 Multa
295 3655 357 3715 alia
370 3660 444 3715 sunt
462 3655 496 3714 in
511 3655 624 3721 Baconl
640 3654 831 3720 orationibus
850 3654 1019 3728 laudanda,
1040 3655 1141 3726 grauis
1155 3656 1184 3712 et
1199 3654 1242 3713 vi-

153 3774 242 3833 vidus
261 3789 383 3848 sermo,
400 3775 525 3840 exordia
545 3774 585 3832 ad
602 3787 650 3832 res
665 3777 734 3850 apte
757 3777 941 3849 composita,
961 3776 1040 3839 acris
1062 3775 1242 3845 conbrtatio,

142 3865 258 3952 ¹lucida
267 3893 346 3979 juris
361 3893 536 3967 explanatio
546 3936 553 3965 ‚
565 3891 778 3951 institutorum
788 3894 949 3972 legumque
958 3907 1079 3953 summa
1088 3890 1243 3954 ueneratio

189 4297 219 4360 (tl
238 4298 274 4353 lla
285 4297 354 4352 Orat.
369 4311 415 4364 ιιι,
432 4300 472 4351 to.

190 4390 220 4451 til
239 4389 277 4443 ld.
300 4389 337 4442 th.
360 4393 407 4447 20.
