2782 4868
615 340 780 402 ..71-

147 477 495 559 memoravimus.an
517 501 664 546 coronam
686 502 704 547 a
725 501 860 560 persona
879 487 957 571 regis
980 487 1127 561 distingui
1149 490 1237 563 sinit,

149 613 288 690 separari
310 603 417 685 vetat,›'
428 621 469 668 ne
488 608 561 667 inde
578 607 740 678 colligatur
754 605 866 678 deponi
881 617 970 679 posse
983 618 1084 677 regem
1100 606 1154 680 (tt.
1171 611 1239 666 0m·

149 733 244 792 uibus
262 729 378 790 uostris
396 727 430 785 in
449 724 564 786 chartis
584 724 664 796 regts
684 725 850 796 personam
869 720 1049 784 inviolatam
1070 729 1241 798 essentque

148 863 277 925 sacram·
287 850 436 922 scriptum
451 842 515 906 est':
526 847 595 919 jure
610 844 751 918 quidem,
766 859 831 904 non
845 846 1008 919 sanequia
1023 845 1109 905 netas
1125 847 1241 906 cinctas

148 989 169 1034 a
183 976 246 1032 Deo
255 964 375 1032 ¹frontes
390 964 563 1029 diademate
579 980 704 1041 eruere,
719 971 874 1041 Deumque
897 959 1015 1044 ipsum,
1038 954 1160 1030 uiolatis
1175 969 1241 1042 ejus

148 1088 593 1164 imaginihue,1aedere,‘sed
625 1089 697 1161 quia
726 1079 894 1160 plurimum
920 1080 1241 1161 rerumpublicarum

150 1208 279 1265 interest
298 1221 363 1266 non
386 1219 507 1279 semper
528 1207 561 1263 in
582 1205 699 1264 incerto
716 1219 782 1264 esse
797 1219 972 1278 supremam
988 1206 1199 1266 auctoritatem
1213 1212 1243 1265 et

149 1328 240 1399 quasi
261 1328 424 1398 fluctuare,
445 1325 550 1384 nulius
562 1328 675 1384 autem
698 1338 765 1386 esse
787 1328 878 1397 queat
894 1325 1082 1385 seditionum
1097 1328 1240 1387 mutatio·

152 1459 290 1519 numque
313 1444 447 1517 modus,
472 1433 512 1503 si'
526 1445 639 1518 populo
667 1445 705 1503 de
728 1457 798 1516 rege
823 1457 953 1519 prenae,
976 1446 1076 1518 justas
1099 1461 1239 1521 quoque,

149 1577 272 1624 sumere
299 1565 408 1623 liceat:
436 1563 511 1637 quid
526 1564 635 1636 plura?
664 1563 747 1634 leges
769 1564 910 1622 utilitatis
933 1564 1063 1636 publicae
1094 1579 1187 1625 causa
1213 1569 1243 1624 et

150 1684 299 1743 conentui
320 1684 357 1741 et·
369 1683 530 1746 sanctione
549 1681 667 1741 muniri
685 1683 808 1740 cunstat
830 1702 837 1738 :
859 1681 941 1755 quod
957 1679 996 1741 ad
1012 1695 1096 1753 reges
1117 1684 1240 1757 attinet,

151 1803 214 1862 illis
229 1802 422 1863 sanctionem
437 1805 542 1862 deesse
559 1798 667 1862 eadem
681 1803 797 1862 utilitas
814 1805 955 1876 reposcit.

188 1928 330 1985 Attamen
345 1925 467 1996 regibus
481 1922 652 1983 cavendum
669 1937 709 1980 ne
723 1915 821 1982 nimio
836 1924 939 1995 legum
955 1926 1133 1998 contemptu
1146 1917 1242 1999 popu-

152 2050 221 2108 tum
235 2047 393 2107 adducant
408 2045 448 2104 ad
460 2046 719 2118 desperationem.
742 2032 808 2105 Non
830 2046 915 2104 enim
934 2056 1054 2119 semper
1072 2046 1185 2119 scripta
1207 2045 1244 2103 iis

153 2167 300 2242 praesidio
321 2137 417 2225 fuisse
440 2166 574 2238 plurima
598 2166 748 2252 testantur
773 2165 922 2238 exempla.
945 2169 1028 2238 sepe
1047 2165 1143 2224 turbae
1166 2164 1246 2223 fiunt

153 2287 400 2360 seditionesque,
416 2286 501 2345 unde
519 2270 661 2359 quamuis
681 2285 733 2358 jus
756 2283 853 2357 absit,
881 2298 946 2343 uon
969 2283 1113 2342 omnihus
1132 2283 1245 2355 inique

152 2421 222 2468 esse
235 2407 390 2468 videntur.
406 2409 465 2465 Nec
478 2405 658 2465 hominibus
673 2405 747 2463 satis
766 2416 833 2462 esse
849 2406 949 2476 potest
962 2402 1046 2476 quod
1061 2401 1174 2475 mortui
1189 2401 1244 2458 du-

154 2527 252 2587 riores
266 2537 377 2599 poeuas
390 2526 525 2598 pendere
540 2526 688 2596 cogantur
701 2523 789 2597 praui
804 2536 889 2594 reges
909 2522 967 2596 ti),
989 2535 1046 2580 nec
1066 2520 1157 2580 bonis
1179 2534 1245 2580 cor-

154 2648 343 2721 peritusque
363 2647 426 2705 suis
446 2649 482 2705 et
497 2630 623 2707 suerum
641 2647 800 2705 consulere
819 2658 939 2717 semper
959 2643 1144 2717 prohibendi
1163 2645 1245 2701 sunt.

154 2768 297 2829 calcante
316 2769 398 2839 leges
419 2781 507 2841 rege,
538 2768 592 2826 uhi
609 2781 664 2840 per
684 2768 735 2839 jus
761 2767 841 2825 nihil
864 2756 1039 2839 proficitur,
1066 2765 1247 2825 difficillime

154 2886 326 2946 deterretur
340 2885 474 2959 populus
488 2885 564 2958 quin
578 2886 609 2945 vi
626 2887 761 2956 etmauu
772 2884 831 2943 sihi
841 2885 1009 2944 satisfaciat
1018 2884 1247 2959 provideatque,

155 3006 231 3066 laesa
243 3007 349 3080 potius
362 3006 464 3066 forma
474 3007 600 3079 justitia
616 3019 709 3080 quarn
726 3008 794 3079 ipsa
808 3008 960 3079 equitate.
983 2991 1055 3066 Esse
1074 3007 1158 3066 enim
1173 3006 1249 3065 alias

156 3138 276 3202 aquae,
292 3125 502 3198 aliasiniquas
521 3136 624 3184 rerum
638 3126 823 3184 mutationes
846 3124 925 3183 nulli
948 3124 1076 3184 dubium
1091 3138 1171 3184 reor.
1192 3129 1247 3183 Tu-¹

158 3245 252 3306 tiores
267 3248 369 3305 autem
384 3260 470 3319 reges
485 3260 551 3306 sese
566 3247 727 3321 praestant,
744 3247 796 3319 qui
811 3246 930 3318 tegious
945 3245 1140 3320 auxiliantur,
1163 3246 1247 3304 auxi-

157 3367 235 3428 tium
255 3370 294 3428 ah
314 3369 427 3429 iisdem
443 3369 588 3441 rogaturi.
607 3370 695 3428 Recte
710 3367 834 3442 quidem
848 3382 901 3428 eos
916 3369 1005 3428 docet
1018 3367 1249 3447 Macchiauellus

152 3470 243 3557 'ipsos
265 3486 339 3545 tunc
361 3500 455 3559 regno
475 3486 560 3560 erui,
576 3499 671 3559 quum
682 3486 754 3559 jura
772 3486 888 3546 violare
903 3488 1078 3563 oeperunt,
1094 3487 1248 3560 majorum

158 3618 261 3666 mores
276 3609 491 3682 contemnere,
509 3609 649 3668 instituta
662 3609 765 3682 prisca
780 3609 884 3668 tollere
900 3609 951 3682 (3¹.
1144 3588 1146 3593 ¹

195 3730 315 3802 optime
331 3731 493 3803 distinguit
508 3734 646 3799 Baccnus
662 3733 729 3790 acta
746 3744 969 3803 personamque
986 3732 1081 3802 regis3
1097 3731 1157 3788 hoc
1172 3742 1249 3802 praen

197 4142 227 4204 tr)
242 4141 294 4194 The
307 4145 448 4208 argument
458 4143 487 4197 oi
497 4144 535 4199 sir
545 4145 571 4198 F.
585 4146 672 4200 Bacou
682 4146 709 4199 iu
724 4147 769 4201 tire
781 4159 842 4202 case
855 4144 884 4199 oi
895 4145 938 4199 dre
954 4145 1078 4198 Postnati.

197 4233 227 4293 (2)
239 4234 363 4298 Bossuet,
375 4234 450 4288 Pelii.
468 4250 506 4301 rv,
520 4239 543 4289 t.

196 4320 227 4383 (3)
241 4321 277 4376 Ite
292 4322 380 4391 Livio,
393 4323 412 4376 l.
425 4337 472 4392 ιιι,
487 4338 510 4380 c.
526 4339 552 4379 v,
