2782 4868
599 369 789 432 -105-

154 526 275 603 pisant,
291 531 325 586 ut
336 527 388 601 jns
399 525 562 598 corrigant.
580 527 657 584 Num
670 527 835 598 utrumque
853 536 923 583 eum
942 524 1059 583 ratione
1079 524 1241 583 conveniat

154 651 338 712 videbimus.

189 749 278 829 uuna
287 767 493 840 unquamne
506 768 554 826 ier
568 780 635 841 quae
651 765 730 825 nnn
745 765 910 825 omisisset,
924 768 960 823 rn
979 763 1121 825 olorinus
1140 766 1242 823 autem

151 891 255 950 'causis
269 903 337 950 eam
352 871 489 963 suppleri
502 895 531 948 el
545 889 662 948 utilitas
678 889 818 947 omnium
836 889 866 947 et
884 886 1011 960 aequitas
1030 887 1162 960 reposcit
1173 883 1215 959 (l)
1232 904 1240 941 ι

156 1032 168 1062 r
189 1011 220 1069 si
230 1011 279 1071 lex
294 1009 601 1086 estobsoura,1u‹lioi
615 1009 736 1083 quiden
750 1009 827 1067 ierat
842 1007 1051 1081 quaerendum.
1066 1010 1108 1065 lia
1122 1019 1244 1079 quoquo

156 1154 170 1182 ι
189 1131 378 1206 supplenda,
392 1131 446 1191 ubi
461 1134 514 1191 aut
529 1133 597 1190 silet
613 1132 666 1191 aut
676 1131 770 1190 nimis
785 1133 915 1202 angusta
925 1134 980 1188 est.
993 1128 1048 1198 Qui
1058 1126 1117 1187 hoo
1129 1126 1243 1200 judicis

155 1272 168 1300 a
189 1263 303 1309 munus
318 1264 384 1309 esse
398 1251 490 1323 negat
504 1251 641 1311 tollenda
652 1251 757 1310 omnia
775 1248 939 1309 tribunalia
953 1249 1065 1307 censet.
1080 1249 1243 1319 Nunquam

155 1389 168 1418 o
189 1367 273 1426 enim
287 1370 394 1427 eontra
404 1382 545 1442 expressa
557 1368 734 1440 vernalegis
745 1368 845 1439 agitur
856 1386 863 1425 ι
874 1367 921 1424 liti
932 1380 996 1426 non
1011 1366 1098 1425 loous
1108 1366 1170 1438 est,
1182 1365 1243 1423 nisi

153 1509 167 1538 α
189 1487 298 1546 saltem
312 1487 446 1546 dubitari
463 1501 553 1561 posse
562 1488 697 1561 apparet.
709 1487 795 1558 Quod
811 1485 1046 1560 sijudioos,ul)i
1061 1487 1109 1545 len
1123 1453 1244 1544 nonest

131 1608 133 1611 ’
154 1628 169 1653 «
190 1603 274 1662 olara
288 1604 317 1662 et
328 1605 427 1678 certa,
436 1603 487 1676 jus
499 1603 649 1675 denegare
665 1605 809 1676 possunt,
825 1602 1020 1676 perturbatur
1031 1603 1133 1661 omnis
1143 1603 1241 1661 homi-

154 1746 169 1776 «
188 1738 266 1783 num
280 1725 424 1799 societas3
441 1724 632 1783 nullomodo
647 1724 716 1783 lites
731 1723 887 1797 componi.
905 1723 983 1795 Quid
998 1723 1098 1781 enimi
1112 1725 1189 1781 Num
1205 1722 1242 1782 de

153 1867 168 1895 o
189 1845 305 1906 omisso
320 1859 394 1904 oasu
404 1847 517 1905 leretur
526 1846 595 1905 lex?
609 1850 676 1906 Non
691 1847 792 1920 partes
807 1847 887 1904 inter
901 1859 934 1904 se
949 1847 1181 1917 contraxerant,
1197 1845 1240 1903 vi·

155 1988 168 2016 o
187 1967 277 2037 gente
292 1966 346 2025 illa
359 1967 439 2040 lege,
456 1981 520 2026 non
532 1982 568 2026 ox
586 1981 621 2026 oa
632 1967 767 2040 judicari
783 1967 933 2039 queunt...
944 1968 1084 2024 Attamen
1104 1964 1243 2024 dominia

153 2102 167 2131 o
189 2084 218 2139 el
228 2084 333 2139 oeterae
345 2095 392 2140 res
402 2083 436 2140 in
446 2083 563 2142 incerto
578 2096 720 2142 essenon
733 2084 865 2155 possunt
881 2101 887 2141 :
901 2082 1104 2155 judicandum
1115 2082 1241 2153 igitur...

153 2224 166 2250 r
187 2203 375 2260 Immensum
385 2202 430 2260 est
440 2201 492 2274 jus
502 2202 590 2262 civile
600 2246 608 2275 ,
619 2201 737 2274 legibus
753 2203 854 2260 autem
864 2201 977 2261 limites
993 2203 1075 2260 sunt.
1093 2204 1159 2260 Non
1175 2199 1242 2258 fieri

152 2339 167 2368 o
188 2319 289 2391 potest
313 2319 351 2378 de
374 2333 561 2394 unoquoque
583 2334 656 2380 casu
675 2321 722 2378 lex
744 2321 900 2393 quadam:
922 2335 986 2380 non
1007 2320 1097 2378 debet
1112 2321 1186 2379 ferri
1204 2321 1242 2380 de

153 2457 167 2489 a
188 2437 437 2499 extraordinariis
451 2441 583 2501 casibus.
605 2464 617 2494 li

188 2563 267 2620 llum
286 2562 388 2620 autern
403 2562 488 2621 ouria
501 2563 652 2636 aequitatis
667 2533 801 2622 creanda
813 2563 877 2637 est,
896 2576 964 2636 quae
979 2563 1016 2622 de
1031 2563 1153 2622 omissis
1163 2563 1240 2622 easi-

150 2678 360 2737 lrusstatuat?
386 2678 468 2738 Nihil
492 2674 633 2738 inutilius
654 2693 720 2739 esse
741 2694 821 2754 reor,
841 2681 921 2740 nihil
943 2681 1154 2754 periculosius.
1176 2685 1242 2741 ilos

149 2795 236 2855 enim
246 2795 326 2854 inter
335 2798 498 2870 utramque
513 2798 630 2857 ouriam
641 2800 854 2858 controversiae
870 2799 1009 2859 oriantur
1021 2813 1145 2858 necesse
1157 2801 1242 2857 estet

150 2919 218 2993 ipse
238 2923 376 2978 Baoonns
396 2923 517 2980 coortas
538 2935 604 2980 esse
625 2925 775 2981 memorat
794 2921 845 2996 (Ξ).
861 2925 934 2981 Utro
953 2922 1037 2980 enim
1057 2921 1206 2980 omissum
1223 2936 1241 2979 a

148 3039 216 3108 lege
231 3038 325 3096 luisse
340 3053 447 3098 casum
464 3041 578 3099 statuat
591 3040 717 3101 difficile
731 3043 793 3115 est,
808 3043 937 3114 utraque
956 3040 995 3100 ad
1018 3054 1051 3098 se
1070 3054 1162 3114 quam
1176 3041 1239 3114 ple·
1281 3022 1288 3034 ’

149 3169 262 3229 rosque
276 3171 366 3216 oasns
377 3159 525 3218 trahente.
540 3163 600 3219 Neo
615 3158 688 3218 satis
706 3174 713 3212 :
729 3173 793 3218 nou
809 3173 884 3232 pure
902 3173 937 3217 ex
952 3159 1078 3217 arbitrio
1092 3159 1168 3217 boni
1181 3159 1240 3217 viri

147 3278 357 3336 sententiaest
372 3278 499 3337 ferenda
510 3298 517 3336 :
529 3279 729 3352 quarendum
740 3280 786 3338 est
799 3293 906 3337 annon
922 3277 1038 3335 similes
1053 3277 1158 3336 sintin
1171 3279 1240 3351 jure

147 3409 257 3471 casus,
272 3398 308 3455 ut
320 3398 382 3455 nisi
403 3399 572 3457 secundum
590 3399 704 3472 legem,
720 3400 801 3457 oerte
815 3397 953 3470 proxime
968 3397 1027 3468 legi
1041 3396 1140 3470 possit
1156 3395 1237 3468 judi-

147 3517 222 3578 cari.
238 3520 324 3588 Quod
342 3534 407 3580 non
422 3521 488 3579 sine
502 3521 639 3594 periculo
656 3522 857 3580 committitur
868 3518 1040 3594 judicibus,
1056 3517 1167 3590 quibus
1182 3518 1239 3574 rni-

89 3694 92 3699 .
147 3635 233 3696 nime
249 3651 329 3696 ourae
344 3653 410 3698 esse
425 3639 513 3698 debet
530 3654 695 3699 commune
706 3641 767 3713 jus,
777 3636 897 3714 'quique
915 3640 1024 3698 eontra
1035 3637 1133 3708 legam
1143 3633 1238 3707 serip-

148 3760 213 3817 tam
226 3758 356 3818 instituti
372 3773 438 3818 esse
447 3760 598 3818 videntur.

184 4150 213 4212 (ll
232 4150 324 4204 leuel.
340 4179 371 4188 -
388 4151 506 4205 Traraux
519 4152 715 4219 properatoires
728 4154 764 4210 tln
775 4154 843 4208 code
857 4152 936 4214 Giril,
950 4155 970 4205 t.
988 4165 1028 4205 tt.
1044 4175 1075 4189 κ-
1089 4148 1145 4204 lid.
1164 4161 1236 4216 proo-

145 4238 227 4303 cipue
242 4237 367 4293 Diaconos
379 4238 410 4292 ele
422 4239 556 4306 Pertalis,
573 4257 601 4308 p.
619 4247 680 4298 268.

183 4332 212 4390 tal
232 4329 318 4386 letter
333 4334 389 4387 lis.
401 4362 432 4371 -
444 4335 477 4388 lo
493 4333 537 4387 tho
550 4333 624 4400 ling.
