<?xml version="1.0" encoding="UTF-8"?>
<!DOCTYPE html PUBLIC "-//W3C//DTD XHTML 1.0 Transitional//EN"
    "http://www.w3.org/TR/xhtml1/DTD/xhtml1-transitional.dtd">
<html xmlns="http://www.w3.org/1999/xhtml" xml:lang="en" lang="en">
 <head>
  <title>
</title>
<meta http-equiv="Content-Type" content="text/html;charset=utf-8" />
  <meta name='ocr-system' content='tesseract 3.04.00' />
  <meta name='ocr-capabilities' content='ocr_page ocr_carea ocr_par ocr_line ocrx_word'/>
</head>
<body>
  <div class='ocr_page' id='page_1' title='image "./dejureapudfranc00desjgoog_0014.png"; bbox 0 0 2782 4868; ppageno 0'>
   <div class='ocr_carea' id='block_1_1' title="bbox 424 1179 898 1380">
    <p class='ocr_par' dir='ltr' id='par_1_1' title="bbox 424 1179 898 1380">
     <span class='ocr_line' id='line_1_1' title="bbox 424 1179 898 1380; baseline -0.011 -53"><span class='ocrx_word' id='word_1_1' title='bbox 424 1179 898 1380; x_wconf 76' lang='lat' dir='ltr'><strong>neomutus.</strong></span> 
     </span>
    </p>
   </div>
   <div class='ocr_carea' id='block_1_2' title="bbox 75 1756 1222 3278">
    <p class='ocr_par' dir='ltr' id='par_1_2' title="bbox 75 1756 1222 3278">
     <span class='ocr_line' id='line_1_2' title="bbox 160 1756 1210 1855; baseline -0.007 -10"><span class='ocrx_word' id='word_1_2' title='bbox 160 1790 181 1844; x_wconf 89' lang='lat'><strong>1.</strong></span> <span class='ocrx_word' id='word_1_3' title='bbox 202 1799 241 1845; x_wconf 76' lang='lat' dir='ltr'><strong>ru</strong></span> <span class='ocrx_word' id='word_1_4' title='bbox 261 1796 407 1855; x_wconf 80' lang='lat' dir='ltr'><strong>Quinourn</strong></span> <span class='ocrx_word' id='word_1_5' title='bbox 431 1756 470 1841; x_wconf 83' lang='lat' dir='ltr'><strong>nu</strong></span> <span class='ocrx_word' id='word_1_6' title='bbox 493 1795 570 1842; x_wconf 76' lang='lat' dir='ltr'><strong>suun</strong></span> <span class='ocrx_word' id='word_1_7' title='bbox 594 1792 730 1841; x_wconf 81' lang='lat' dir='ltr'><strong>soulesrr</strong></span> <span class='ocrx_word' id='word_1_8' title='bbox 754 1792 893 1840; x_wconf 77' lang='lat' dir='ltr'><strong>uuoouus</strong></span> <span class='ocrx_word' id='word_1_9' title='bbox 918 1791 1037 1840; x_wconf 77' lang='lat' dir='ltr'><strong>uranon</strong></span> <span class='ocrx_word' id='word_1_10' title='bbox 1062 1791 1109 1839; x_wconf 83' lang='lat' dir='ltr'><strong>srr</strong></span> <span class='ocrx_word' id='word_1_11' title='bbox 1129 1791 1210 1848; x_wconf 85' lang='lat' dir='ltr'><strong>ouon</strong></span> 
     </span>
     <span class='ocr_line' id='line_1_3' title="bbox 124 1897 1211 1971; baseline -0.006 -9"><span class='ocrx_word' id='word_1_12' title='bbox 124 1917 156 1962; x_wconf 85' lang='lat' dir='ltr'><strong>ru</strong></span> <span class='ocrx_word' id='word_1_13' title='bbox 176 1916 292 1962; x_wconf 82' lang='lat' dir='ltr'><strong>urnuuu</strong></span> <span class='ocrx_word' id='word_1_14' title='bbox 311 1914 461 1971; x_wconf 79' lang='lat' dir='ltr'><strong>ousuuru</strong></span> <span class='ocrx_word' id='word_1_15' title='bbox 481 1911 684 1960; x_wconf 74' lang='lat' dir='ltr'><strong>oomrourun.</strong></span> <span class='ocrx_word' id='word_1_16' title='bbox 713 1931 744 1939; x_wconf 92' lang='lat'>-</span> <span class='ocrx_word' id='word_1_17' title='bbox 765 1901 826 1956; x_wconf 86' lang='lat' dir='ltr'><strong>Hoc</strong></span> <span class='ocrx_word' id='word_1_18' title='bbox 841 1899 960 1970; x_wconf 84' lang='lat' dir='ltr'><strong>ipsum,</strong></span> <span class='ocrx_word' id='word_1_19' title='bbox 984 1898 1067 1971; x_wconf 84' lang='lat' dir='ltr'><strong>quod</strong></span> <span class='ocrx_word' id='word_1_20' title='bbox 1086 1897 1211 1956; x_wconf 83' lang='lat' dir='ltr'><strong>inchoa-</strong></span> 
     </span>
     <span class='ocr_line' id='line_1_4' title="bbox 124 2017 1211 2097; baseline -0.005 -17"><span class='ocrx_word' id='word_1_21' title='bbox 124 2037 213 2097; x_wconf 78' lang='lat' dir='ltr'><strong>muS,</strong></span> <span class='ocrx_word' id='word_1_22' title='bbox 239 2035 373 2095; x_wconf 91' lang='lat' dir='ltr'><strong>opusne</strong></span> <span class='ocrx_word' id='word_1_23' title='bbox 394 2022 458 2094; x_wconf 83' lang='lat' dir='ltr'><strong>jam</strong></span> <span class='ocrx_word' id='word_1_24' title='bbox 485 2020 677 2091; x_wconf 88' lang='lat' dir='ltr'><strong>desperatum</strong></span> <span class='ocrx_word' id='word_1_25' title='bbox 702 2031 768 2076; x_wconf 86' lang='lat' dir='ltr'><strong>esse</strong></span> <span class='ocrx_word' id='word_1_26' title='bbox 792 2017 931 2077; x_wconf 89' lang='lat' dir='ltr'><strong>videatur</strong></span> <span class='ocrx_word' id='word_1_27' title='bbox 946 2017 1034 2076; x_wconf 82' lang='lat' dir='ltr'><strong>valde</strong></span> <span class='ocrx_word' id='word_1_28' title='bbox 1049 2019 1211 2088; x_wconf 76' lang='lat' dir='ltr'><strong>timemur,</strong></span> 
     </span>
     <span class='ocr_line' id='line_1_5' title="bbox 125 2136 1214 2215; baseline -0.003 -15"><span class='ocrx_word' id='word_1_29' title='bbox 125 2155 220 2215; x_wconf 86' lang='lat' dir='ltr'><strong>quum</strong></span> <span class='ocrx_word' id='word_1_30' title='bbox 248 2143 296 2201; x_wconf 86' lang='lat' dir='ltr'><strong>vir</strong></span> <span class='ocrx_word' id='word_1_31' title='bbox 316 2143 396 2200; x_wconf 84' lang='lat' dir='ltr'><strong>acuti</strong></span> <span class='ocrx_word' id='word_1_32' title='bbox 429 2140 562 2212; x_wconf 79' lang='lat' dir='ltr'><strong>ingenii,</strong></span> <span class='ocrx_word' id='word_1_33' title='bbox 592 2143 621 2197; x_wconf 91' lang='lat' dir='ltr'><strong>et</strong></span> <span class='ocrx_word' id='word_1_34' title='bbox 641 2140 693 2197; x_wconf 92' lang='lat' dir='ltr'><strong>ille</strong></span> <span class='ocrx_word' id='word_1_35' title='bbox 727 2139 890 2197; x_wconf 81' lang='lat' dir='ltr'><strong>Britannus</strong></span> <span class='ocrx_word' id='word_1_36' title='bbox 919 2136 1028 2196; x_wconf 85' lang='lat' dir='ltr'><strong>dixerit</strong></span> <span class='ocrx_word' id='word_1_37' title='bbox 1059 2143 1214 2197; x_wconf 86' lang='lat' dir='ltr'><strong>Bnoonum</strong></span> 
     </span>
     <span class='ocr_line' id='line_1_6' title="bbox 128 2256 1213 2330; baseline -0.002 -14"><span class='ocrx_word' id='word_1_38' title='bbox 128 2260 213 2316; x_wconf 80' lang='lat' dir='ltr'><strong>«aut</strong></span> <span class='ocrx_word' id='word_1_39' title='bbox 236 2272 305 2317; x_wconf 90' lang='lat' dir='ltr'><strong>raro</strong></span> <span class='ocrx_word' id='word_1_40' title='bbox 326 2260 378 2316; x_wconf 91' lang='lat' dir='ltr'><strong>aut</strong></span> <span class='ocrx_word' id='word_1_41' title='bbox 404 2271 563 2330; x_wconf 84' lang='lat' dir='ltr'><strong>nunquam</strong></span> <span class='ocrx_word' id='word_1_42' title='bbox 593 2258 738 2315; x_wconf 84' lang='lat' dir='ltr'><strong>nonatum</strong></span> <span class='ocrx_word' id='word_1_43' title='bbox 764 2269 829 2314; x_wconf 91' lang='lat' dir='ltr'><strong>esse</strong></span> <span class='ocrx_word' id='word_1_44' title='bbox 860 2259 894 2312; x_wconf 94' lang='lat' dir='ltr'><strong>ut</strong></span> <span class='ocrx_word' id='word_1_45' title='bbox 919 2256 959 2314; x_wconf 87' lang='lat' dir='ltr'><strong>ad</strong></span> <span class='ocrx_word' id='word_1_46' title='bbox 983 2256 1144 2314; x_wconf 85' lang='lat' dir='ltr'><strong>seientiam</strong></span> <span class='ocrx_word' id='word_1_47' title='bbox 1168 2269 1213 2314; x_wconf 86' lang='lat' dir='ltr'><strong>re—</strong></span> 
     </span>
     <span class='ocr_line' id='line_1_7' title="bbox 128 2376 1215 2450; baseline -0.004 -13"><span class='ocrx_word' id='word_1_48' title='bbox 128 2402 141 2429; x_wconf 85' lang='lat'>«</span> <span class='ocrx_word' id='word_1_49' title='bbox 163 2380 278 2450; x_wconf 80' lang='lat' dir='ltr'><strong>digeret</strong></span> <span class='ocrx_word' id='word_1_50' title='bbox 301 2379 551 2437; x_wconf 89' lang='lat' dir='ltr'><strong>immunerabiies</strong></span> <span class='ocrx_word' id='word_1_51' title='bbox 575 2378 674 2437; x_wconf 88' lang='lat' dir='ltr'><strong>oivilis</strong></span> <span class='ocrx_word' id='word_1_52' title='bbox 707 2377 853 2436; x_wconf 83' lang='lat' dir='ltr'><strong>doetrinae</strong></span> <span class='ocrx_word' id='word_1_53' title='bbox 883 2377 1003 2447; x_wconf 77' lang='lat' dir='ltr'><strong>regulas</strong></span> <span class='ocrx_word' id='word_1_54' title='bbox 1032 2376 1085 2448; x_wconf 72' lang='lat' dir='ltr'><strong>(tt.</strong></span> <span class='ocrx_word' id='word_1_55' title='bbox 1114 2398 1126 2425; x_wconf 71' lang='lat' dir='ltr'><strong>o</strong></span> <span class='ocrx_word' id='word_1_56' title='bbox 1156 2379 1215 2434; x_wconf 88' lang='lat' dir='ltr'><strong>Neo</strong></span> 
     </span>
     <span class='ocr_line' id='line_1_8' title="bbox 75 2494 1215 2580; baseline -0.004 -24"><span class='ocrx_word' id='word_1_57' title='bbox 75 2532 77 2538; x_wconf 92' lang='lat'>·</span> <span class='ocrx_word' id='word_1_58' title='bbox 127 2497 291 2556; x_wconf 83' lang='lat' dir='ltr'><strong>defuerunt</strong></span> <span class='ocrx_word' id='word_1_59' title='bbox 321 2499 373 2568; x_wconf 81' lang='lat' dir='ltr'><strong>qui</strong></span> <span class='ocrx_word' id='word_1_60' title='bbox 403 2501 556 2554; x_wconf 78' lang='lat' dir='ltr'><strong>Batonem</strong></span> <span class='ocrx_word' id='word_1_61' title='bbox 590 2496 763 2567; x_wconf 80' lang='lat' dir='ltr'><strong>regularum</strong></span> <span class='ocrx_word' id='word_1_62' title='bbox 792 2496 920 2580; x_wconf 83' lang='lat' dir='ltr'><strong>istarum</strong></span> <span class='ocrx_word' id='word_1_63' title='bbox 949 2494 1076 2553; x_wconf 89' lang='lat' dir='ltr'><strong>omnino</strong></span> <span class='ocrx_word' id='word_1_64' title='bbox 1108 2495 1215 2552; x_wconf 88' lang='lat' dir='ltr'><strong>rudem</strong></span> 
     </span>
     <span class='ocr_line' id='line_1_9' title="bbox 127 2612 1217 2685; baseline -0.003 -13"><span class='ocrx_word' id='word_1_65' title='bbox 127 2615 222 2673; x_wconf 88' lang='lat' dir='ltr'><strong>fuisse</strong></span> <span class='ocrx_word' id='word_1_66' title='bbox 236 2613 470 2685; x_wconf 84' lang='lat' dir='ltr'><strong>contenderent,</strong></span> <span class='ocrx_word' id='word_1_67' title='bbox 495 2615 611 2672; x_wconf 92' lang='lat' dir='ltr'><strong>nedum</strong></span> <span class='ocrx_word' id='word_1_68' title='bbox 634 2614 672 2672; x_wconf 89' lang='lat' dir='ltr'><strong>ab</strong></span> <span class='ocrx_word' id='word_1_69' title='bbox 694 2626 730 2671; x_wconf 92' lang='lat' dir='ltr'><strong>eo</strong></span> <span class='ocrx_word' id='word_1_70' title='bbox 752 2626 865 2671; x_wconf 87' lang='lat' dir='ltr'><strong>novam</strong></span> <span class='ocrx_word' id='word_1_71' title='bbox 885 2613 986 2670; x_wconf 80' lang='lat' dir='ltr'><strong>lucem</strong></span> <span class='ocrx_word' id='word_1_72' title='bbox 1000 2612 1067 2669; x_wconf 87' lang='lat' dir='ltr'><strong>istis</strong></span> <span class='ocrx_word' id='word_1_73' title='bbox 1082 2612 1217 2670; x_wconf 83' lang='lat' dir='ltr'><strong>additam</strong></span> 
     </span>
     <span class='ocr_line' id='line_1_10' title="bbox 129 2708 1219 2805; baseline -0.004 -12"><span class='ocrx_word' id='word_1_74' title='bbox 129 2748 196 2792; x_wconf 88' lang='lat' dir='ltr'><strong>esse</strong></span> <span class='ocrx_word' id='word_1_75' title='bbox 205 2735 383 2804; x_wconf 83' lang='lat' dir='ltr'><strong>faterentur,</strong></span> <span class='ocrx_word' id='word_1_76' title='bbox 400 2732 579 2791; x_wconf 81' lang='lat' dir='ltr'><strong>Elizabethae</strong></span> <span class='ocrx_word' id='word_1_77' title='bbox 595 2732 830 2805; x_wconf 82' lang='lat' dir='ltr'><strong>reginaejudioio</strong></span> <span class='ocrx_word' id='word_1_78' title='bbox 841 2733 870 2790; x_wconf 89' lang='lat' dir='ltr'><strong>et</strong></span> <span class='ocrx_word' id='word_1_79' title='bbox 880 2708 1049 2805; x_wconf 76' lang='lat' dir='ltr'><strong>communi,</strong></span> <span class='ocrx_word' id='word_1_80' title='bbox 1065 2746 1132 2804; x_wconf 84' lang='lat' dir='ltr'><strong>quae</strong></span> <span class='ocrx_word' id='word_1_81' title='bbox 1146 2734 1219 2789; x_wconf 88' lang='lat' dir='ltr'><strong>tuno</strong></span> 
     </span>
     <span class='ocr_line' id='line_1_11' title="bbox 129 2852 1217 2926; baseline -0.001 -16"><span class='ocrx_word' id='word_1_82' title='bbox 129 2854 198 2926; x_wconf 86' lang='lat' dir='ltr'><strong>fuit,</strong></span> <span class='ocrx_word' id='word_1_83' title='bbox 214 2852 360 2925; x_wconf 90' lang='lat' dir='ltr'><strong>opinione</strong></span> <span class='ocrx_word' id='word_1_84' title='bbox 374 2852 444 2910; x_wconf 86' lang='lat' dir='ltr'><strong>freti</strong></span> <span class='ocrx_word' id='word_1_85' title='bbox 461 2853 513 2922; x_wconf 54' lang='grc' dir='ltr'><strong>(ἓ).</strong></span> <span class='ocrx_word' id='word_1_86' title='bbox 530 2852 613 2910; x_wconf 87' lang='lat' dir='ltr'><strong>Tales</strong></span> <span class='ocrx_word' id='word_1_87' title='bbox 635 2853 736 2910; x_wconf 89' lang='lat' dir='ltr'><strong>autem</strong></span> <span class='ocrx_word' id='word_1_88' title='bbox 757 2853 794 2909; x_wconf 88' lang='lat' dir='ltr'><strong>do</strong></span> <span class='ocrx_word' id='word_1_89' title='bbox 810 2866 842 2910; x_wconf 92' lang='lat' dir='ltr'><strong>se</strong></span> <span class='ocrx_word' id='word_1_90' title='bbox 856 2866 974 2910; x_wconf 87' lang='lat' dir='ltr'><strong>errores</strong></span> <span class='ocrx_word' id='word_1_91' title='bbox 994 2853 1160 2911; x_wconf 85' lang='lat' dir='ltr'><strong>invaluisse</strong></span> <span class='ocrx_word' id='word_1_92' title='bbox 1170 2853 1217 2909; x_wconf 93' lang='lat' dir='ltr'><strong>in-</strong></span> 
     </span>
     <span class='ocr_line' id='line_1_12' title="bbox 130 2967 1219 3041; baseline 0 -17"><span class='ocrx_word' id='word_1_93' title='bbox 130 2967 239 3040; x_wconf 86' lang='lat' dir='ltr'><strong>primis</strong></span> <span class='ocrx_word' id='word_1_94' title='bbox 254 2973 359 3026; x_wconf 82' lang='lat' dir='ltr'><strong>auotor</strong></span> <span class='ocrx_word' id='word_1_95' title='bbox 374 2971 418 3024; x_wconf 91' lang='lat' dir='ltr'><strong>est</strong></span> <span class='ocrx_word' id='word_1_96' title='bbox 433 2967 497 3038; x_wconf 91' lang='lat' dir='ltr'><strong>ipse</strong></span> <span class='ocrx_word' id='word_1_97' title='bbox 508 2971 655 3025; x_wconf 81' lang='lat' dir='ltr'><strong>Baoouus.</strong></span> <span class='ocrx_word' id='word_1_98' title='bbox 672 2968 748 3024; x_wconf 88' lang='lat' dir='ltr'><strong>sunt</strong></span> <span class='ocrx_word' id='word_1_99' title='bbox 762 2967 885 3040; x_wconf 81' lang='lat' dir='ltr'><strong>quidem</strong></span> <span class='ocrx_word' id='word_1_100' title='bbox 901 2968 989 3025; x_wconf 88' lang='lat' dir='ltr'><strong>istius</strong></span> <span class='ocrx_word' id='word_1_101' title='bbox 1005 2969 1123 3041; x_wconf 87' lang='lat' dir='ltr'><strong>dejure</strong></span> <span class='ocrx_word' id='word_1_102' title='bbox 1137 2967 1219 3040; x_wconf 82' lang='lat' dir='ltr'><strong>libri,</strong></span> 
     </span>
     <span class='ocr_line' id='line_1_13' title="bbox 132 3087 1221 3174; baseline -0.001 -29"><span class='ocrx_word' id='word_1_103' title='bbox 132 3088 411 3173; x_wconf 85' lang='lat' dir='ltr'><strong>etjurisprudentia</strong></span> <span class='ocrx_word' id='word_1_104' title='bbox 423 3088 529 3174; x_wconf 85' lang='lat' dir='ltr'><strong>juveni</strong></span> <span class='ocrx_word' id='word_1_105' title='bbox 544 3089 631 3161; x_wconf 79' lang='lat' dir='ltr'><strong>quasi</strong></span> <span class='ocrx_word' id='word_1_106' title='bbox 650 3087 758 3146; x_wconf 87' lang='lat' dir='ltr'><strong>semita</strong></span> <span class='ocrx_word' id='word_1_107' title='bbox 771 3087 829 3145; x_wconf 89' lang='lat' dir='ltr'><strong>fuit</strong></span> <span class='ocrx_word' id='word_1_108' title='bbox 845 3101 899 3160; x_wconf 91' lang='lat' dir='ltr'><strong>per</strong></span> <span class='ocrx_word' id='word_1_109' title='bbox 916 3101 1009 3158; x_wconf 87' lang='lat' dir='ltr'><strong>quam</strong></span> <span class='ocrx_word' id='word_1_110' title='bbox 1028 3088 1068 3145; x_wconf 90' lang='lat' dir='ltr'><strong>ad</strong></span> <span class='ocrx_word' id='word_1_111' title='bbox 1077 3100 1221 3167; x_wconf 31' lang='lat' dir='ltr'><strong>&#39;summos</strong></span> 
     </span>
     <span class='ocr_line' id='line_1_14' title="bbox 133 3206 1222 3278; baseline 0.002 -15"><span class='ocrx_word' id='word_1_112' title='bbox 133 3207 218 3278; x_wconf 84' lang='lat' dir='ltr'><strong>regni</strong></span> <span class='ocrx_word' id='word_1_113' title='bbox 231 3206 366 3264; x_wconf 86' lang='lat' dir='ltr'><strong>honores</strong></span> <span class='ocrx_word' id='word_1_114' title='bbox 382 3207 497 3265; x_wconf 88' lang='lat' dir='ltr'><strong>sensim</strong></span> <span class='ocrx_word' id='word_1_115' title='bbox 513 3208 670 3265; x_wconf 69' lang='lat' dir='ltr'><strong>no&#39;leniter</strong></span> <span class='ocrx_word' id='word_1_116' title='bbox 680 3207 913 3278; x_wconf 81' lang='lat' dir='ltr'><strong>progrederetur</strong></span> <span class='ocrx_word' id='word_1_117' title='bbox 929 3227 936 3264; x_wconf 92' lang='lat'>:</span> <span class='ocrx_word' id='word_1_118' title='bbox 953 3208 1067 3266; x_wconf 88' lang='lat' dir='ltr'><strong>invitus</strong></span> <span class='ocrx_word' id='word_1_119' title='bbox 1082 3222 1153 3266; x_wconf 93' lang='lat' dir='ltr'><strong>vero</strong></span> <span class='ocrx_word' id='word_1_120' title='bbox 1169 3208 1222 3267; x_wconf 92' lang='lat' dir='ltr'><strong>tali</strong></span> 
     </span>
    </p>
   </div>
   <div class='ocr_carea' id='block_1_3' title="bbox 134 3328 1221 3520">
    <p class='ocr_par' dir='ltr' id='par_1_3' title="bbox 134 3328 1221 3520">
     <span class='ocr_line' id='line_1_15' title="bbox 134 3328 1221 3405; baseline 0.006 -20"><span class='ocrx_word' id='word_1_121' title='bbox 134 3329 236 3386; x_wconf 87' lang='lat' dir='ltr'><strong>studio</strong></span> <span class='ocrx_word' id='word_1_122' title='bbox 252 3341 317 3386; x_wconf 90' lang='lat' dir='ltr'><strong>sese</strong></span> <span class='ocrx_word' id='word_1_123' title='bbox 333 3329 536 3403; x_wconf 83' lang='lat' dir='ltr'><strong>applicuerat,</strong></span> <span class='ocrx_word' id='word_1_124' title='bbox 550 3329 575 3387; x_wconf 90' lang='lat' dir='ltr'><strong>si</strong></span> <span class='ocrx_word' id='word_1_125' title='bbox 585 3343 646 3402; x_wconf 85' lang='lat' dir='ltr'><strong>qua</strong></span> <span class='ocrx_word' id='word_1_126' title='bbox 656 3328 732 3387; x_wconf 88' lang='lat' dir='ltr'><strong>fides</strong></span> <span class='ocrx_word' id='word_1_127' title='bbox 743 3333 772 3388; x_wconf 90' lang='lat' dir='ltr'><strong>et</strong></span> <span class='ocrx_word' id='word_1_128' title='bbox 786 3329 844 3402; x_wconf 88' lang='lat' dir='ltr'><strong>ipsi</strong></span> <span class='ocrx_word' id='word_1_129' title='bbox 857 3329 895 3401; x_wconf 82' lang='lat'><strong>(3)</strong></span> <span class='ocrx_word' id='word_1_130' title='bbox 914 3331 1040 3388; x_wconf 88' lang='lat' dir='ltr'><strong>debetur</strong></span> <span class='ocrx_word' id='word_1_131' title='bbox 1056 3333 1084 3387; x_wconf 93' lang='lat' dir='ltr'><strong>et</strong></span> <span class='ocrx_word' id='word_1_132' title='bbox 1095 3334 1221 3405; x_wconf 90' lang='lat' dir='ltr'><strong>soripto·</strong></span> 
     </span>
     <span class='ocr_line' id='line_1_16' title="bbox 135 3447 847 3520; baseline 0.001 -17"><span class='ocrx_word' id='word_1_133' title='bbox 135 3447 218 3504; x_wconf 88' lang='lat' dir='ltr'><strong>ribus</strong></span> <span class='ocrx_word' id='word_1_134' title='bbox 235 3448 287 3519; x_wconf 86' lang='lat' dir='ltr'><strong>qui</strong></span> <span class='ocrx_word' id='word_1_135' title='bbox 298 3447 392 3504; x_wconf 86' lang='lat' dir='ltr'><strong>vitnrn</strong></span> <span class='ocrx_word' id='word_1_136' title='bbox 403 3460 438 3504; x_wconf 88' lang='lat' dir='ltr'><strong>ao</strong></span> <span class='ocrx_word' id='word_1_137' title='bbox 452 3461 553 3505; x_wconf 90' lang='lat' dir='ltr'><strong>mores</strong></span> <span class='ocrx_word' id='word_1_138' title='bbox 570 3447 635 3518; x_wconf 75' lang='lat' dir='ltr'><strong>eJus</strong></span> <span class='ocrx_word' id='word_1_139' title='bbox 650 3448 778 3504; x_wconf 88' lang='lat' dir='ltr'><strong>retulere</strong></span> <span class='ocrx_word' id='word_1_140' title='bbox 797 3449 804 3519; x_wconf 87' lang='lat'>(</span> <span class='ocrx_word' id='word_1_141' title='bbox 826 3454 847 3520; x_wconf 73' lang='lat' dir='ltr'><strong>t.</strong></span> 
     </span>
    </p>
   </div>
   <div class='ocr_carea' id='block_1_4' title="bbox 171 3758 1225 3830">
    <p class='ocr_par' dir='ltr' id='par_1_4' title="bbox 171 3758 1225 3830">
     <span class='ocr_line' id='line_1_17' title="bbox 171 3758 1225 3830; baseline 0.009 -21"><span class='ocrx_word' id='word_1_142' title='bbox 171 3759 202 3823; x_wconf 80' lang='lat'><strong>(1)</strong></span> <span class='ocrx_word' id='word_1_143' title='bbox 220 3758 377 3824; x_wconf 82' lang='lat' dir='ltr'><strong>Ediuhurgh</strong></span> <span class='ocrx_word' id='word_1_144' title='bbox 389 3759 503 3824; x_wconf 79' lang='lat' dir='ltr'><strong>Reriew,</strong></span> <span class='ocrx_word' id='word_1_145' title='bbox 517 3761 571 3814; x_wconf 85' lang='lat' dir='ltr'><strong>rol.</strong></span> <span class='ocrx_word' id='word_1_146' title='bbox 584 3776 664 3815; x_wconf 82' lang='lat' dir='ltr'><strong>xxvrr</strong></span> <span class='ocrx_word' id='word_1_147' title='bbox 677 3802 683 3828; x_wconf 85' lang='lat'>‚</span> <span class='ocrx_word' id='word_1_148' title='bbox 696 3777 722 3829; x_wconf 90' lang='lat' dir='ltr'><strong>p.</strong></span> <span class='ocrx_word' id='word_1_149' title='bbox 742 3766 801 3828; x_wconf 78' lang='lat' dir='ltr'><strong>ito,</strong></span> <span class='ocrx_word' id='word_1_150' title='bbox 819 3768 887 3830; x_wconf 87' lang='lat' dir='ltr'><strong>sept.</strong></span> <span class='ocrx_word' id='word_1_151' title='bbox 904 3766 977 3817; x_wconf 81' lang='grc'><strong>1816.</strong></span> <span class='ocrx_word' id='word_1_152' title='bbox 997 3764 1131 3819; x_wconf 81' lang='lat' dir='ltr'><strong>stewart&#39;s</strong></span> <span class='ocrx_word' id='word_1_153' title='bbox 1144 3765 1225 3818; x_wconf 90' lang='lat' dir='ltr'><strong>intro-</strong></span> 
     </span>
    </p>
   </div>
   <div class='ocr_carea' id='block_1_5' title="bbox 136 3848 1226 3994">
    <p class='ocr_par' dir='ltr' id='par_1_5' title="bbox 136 3848 1226 3994">
     <span class='ocr_line' id='line_1_18' title="bbox 136 3848 1226 3922; baseline 0.006 -21"><span class='ocrx_word' id='word_1_154' title='bbox 136 3848 282 3902; x_wconf 88' lang='lat' dir='ltr'><strong>duotionto</strong></span> <span class='ocrx_word' id='word_1_155' title='bbox 297 3849 344 3904; x_wconf 88' lang='lat' dir='ltr'><strong>the</strong></span> <span class='ocrx_word' id='word_1_156' title='bbox 356 3849 568 3916; x_wconf 75' lang='lat' dir='ltr'><strong>Enoyolopaedia,</strong></span> <span class='ocrx_word' id='word_1_157' title='bbox 589 3853 648 3906; x_wconf 85' lang='lat' dir='ltr'><strong>Part</strong></span> <span class='ocrx_word' id='word_1_158' title='bbox 662 3868 680 3919; x_wconf 89' lang='lat'><strong>1,</strong></span> <span class='ocrx_word' id='word_1_159' title='bbox 697 3855 769 3920; x_wconf 90' lang='lat' dir='ltr'><strong>quod</strong></span> <span class='ocrx_word' id='word_1_160' title='bbox 781 3853 942 3920; x_wconf 87' lang='lat' dir='ltr'><strong>opuseulum</strong></span> <span class='ocrx_word' id='word_1_161' title='bbox 960 3853 1079 3909; x_wconf 81' lang='lat' dir='ltr'><strong>referunt</strong></span> <span class='ocrx_word' id='word_1_162' title='bbox 1096 3856 1226 3922; x_wconf 86' lang='lat' dir='ltr'><strong>seriptum</strong></span> 
     </span>
     <span class='ocr_line' id='line_1_19' title="bbox 136 3938 562 3994; baseline 0.007 -3"><span class='ocrx_word' id='word_1_163' title='bbox 136 3951 198 3992; x_wconf 85' lang='lat' dir='ltr'><strong>esse</strong></span> <span class='ocrx_word' id='word_1_164' title='bbox 208 3938 223 3992; x_wconf 75' lang='grc' dir='ltr'><em>ὲ</em></span> <span class='ocrx_word' id='word_1_165' title='bbox 233 3938 274 3992; x_wconf 79' lang='lat' dir='ltr'><strong>sir</strong></span> <span class='ocrx_word' id='word_1_166' title='bbox 284 3939 373 3993; x_wconf 73' lang='lat' dir='ltr'><strong>lomes</strong></span> <span class='ocrx_word' id='word_1_167' title='bbox 384 3939 562 3994; x_wconf 74' lang='lat' dir='ltr'><strong>Mookiotosh.</strong></span> 
     </span>
    </p>
   </div>
   <div class='ocr_carea' id='block_1_6' title="bbox 141 4028 1229 4392">
    <p class='ocr_par' dir='ltr' id='par_1_6' title="bbox 172 4028 1107 4102">
     <span class='ocr_line' id='line_1_20' title="bbox 172 4028 1107 4102; baseline 0.009 -22"><span class='ocrx_word' id='word_1_168' title='bbox 172 4028 203 4092; x_wconf 75' lang='lat' dir='ltr'><strong>(t)</strong></span> <span class='ocrx_word' id='word_1_169' title='bbox 223 4028 293 4082; x_wconf 86' lang='lat' dir='ltr'><strong>Lord</strong></span> <span class='ocrx_word' id='word_1_170' title='bbox 302 4029 447 4096; x_wconf 70' lang='lat' dir='ltr'><strong>Maeander,</strong></span> <span class='ocrx_word' id='word_1_171' title='bbox 463 4032 546 4098; x_wconf 81' lang='lat' dir='ltr'><strong>dssay</strong></span> <span class='ocrx_word' id='word_1_172' title='bbox 558 4045 593 4084; x_wconf 93' lang='lat' dir='ltr'><strong>ou</strong></span> <span class='ocrx_word' id='word_1_173' title='bbox 605 4032 665 4086; x_wconf 91' lang='lat' dir='ltr'><strong>lord</strong></span> <span class='ocrx_word' id='word_1_174' title='bbox 680 4035 775 4088; x_wconf 87' lang='lat' dir='ltr'><strong>Baoon.</strong></span> <span class='ocrx_word' id='word_1_175' title='bbox 792 4035 837 4088; x_wconf 84' lang='lat' dir='ltr'><strong>dd.</strong></span> <span class='ocrx_word' id='word_1_176' title='bbox 853 4035 1050 4102; x_wconf 61' lang='lat' dir='ltr'><strong>raucorum.</strong></span> <span class='ocrx_word' id='word_1_177' title='bbox 1065 4037 1107 4088; x_wconf 76' lang='lat' dir='ltr'><strong>td.</strong></span> 
     </span>
    </p>

    <p class='ocr_par' dir='ltr' id='par_1_7' title="bbox 174 4118 1058 4193">
     <span class='ocr_line' id='line_1_21' title="bbox 174 4118 1058 4193; baseline 0.009 -22"><span class='ocrx_word' id='word_1_178' title='bbox 174 4120 203 4184; x_wconf 72' lang='lat'><strong>(3)</strong></span> <span class='ocrx_word' id='word_1_179' title='bbox 224 4118 326 4174; x_wconf 87' lang='lat' dir='ltr'><strong>Letters</strong></span> <span class='ocrx_word' id='word_1_180' title='bbox 336 4121 419 4174; x_wconf 87' lang='lat' dir='ltr'><strong>inthe</strong></span> <span class='ocrx_word' id='word_1_181' title='bbox 431 4122 509 4187; x_wconf 86' lang='lat' dir='ltr'><strong>reign</strong></span> <span class='ocrx_word' id='word_1_182' title='bbox 520 4122 549 4176; x_wconf 87' lang='lat' dir='ltr'><strong>of</strong></span> <span class='ocrx_word' id='word_1_183' title='bbox 559 4136 647 4189; x_wconf 87' lang='lat' dir='ltr'><strong>queen</strong></span> <span class='ocrx_word' id='word_1_184' title='bbox 658 4124 802 4179; x_wconf 72' lang='lat' dir='ltr'><strong>Elisabeth.</strong></span> <span class='ocrx_word' id='word_1_185' title='bbox 815 4126 849 4179; x_wconf 82' lang='lat' dir='ltr'><strong>To</strong></span> <span class='ocrx_word' id='word_1_186' title='bbox 864 4126 1007 4193; x_wconf 78' lang='lat' dir='ltr'><strong>Burghley,</strong></span> <span class='ocrx_word' id='word_1_187' title='bbox 1020 4141 1058 4181; x_wconf 85' lang='lat' dir='ltr'><strong>rx.</strong></span> 
     </span>
    </p>

    <p class='ocr_par' dir='ltr' id='par_1_8' title="bbox 141 4211 1229 4392">
     <span class='ocr_line' id='line_1_22' title="bbox 175 4211 1229 4283; baseline 0.008 -21"><span class='ocrx_word' id='word_1_188' title='bbox 175 4213 205 4275; x_wconf 74' lang='lat' dir='ltr'><strong>ti)</strong></span> <span class='ocrx_word' id='word_1_189' title='bbox 225 4211 342 4278; x_wconf 80' lang='lat' dir='ltr'><strong>uawley,</strong></span> <span class='ocrx_word' id='word_1_190' title='bbox 354 4213 444 4266; x_wconf 83' lang='lat' dir='ltr'><strong>Notioe</strong></span> <span class='ocrx_word' id='word_1_191' title='bbox 459 4228 464 4264; x_wconf 72' lang='grc' dir='ltr'>ς</span> <span class='ocrx_word' id='word_1_192' title='bbox 485 4233 495 4259; x_wconf 75' lang='lat' dir='ltr'><strong>r</strong></span> <span class='ocrx_word' id='word_1_193' title='bbox 506 4214 577 4266; x_wconf 88' lang='lat' dir='ltr'><strong>Juris</strong></span> <span class='ocrx_word' id='word_1_194' title='bbox 586 4213 687 4279; x_wconf 80' lang='lat' dir='ltr'><strong>dugliae</strong></span> <span class='ocrx_word' id='word_1_195' title='bbox 701 4216 871 4283; x_wconf 81' lang='lat' dir='ltr'><strong>municipalis</strong></span> <span class='ocrx_word' id='word_1_196' title='bbox 884 4217 973 4270; x_wconf 87' lang='lat' dir='ltr'><strong>studio</strong></span> <span class='ocrx_word' id='word_1_197' title='bbox 986 4221 1013 4271; x_wconf 85' lang='lat' dir='ltr'><strong>et</strong></span> <span class='ocrx_word' id='word_1_198' title='bbox 1025 4216 1187 4283; x_wconf 80' lang='lat' dir='ltr'><strong>professioni</strong></span> <span class='ocrx_word' id='word_1_199' title='bbox 1199 4232 1229 4271; x_wconf 85' lang='lat' dir='ltr'><strong>se</strong></span> 
     </span>
     <span class='ocr_line' id='line_1_23' title="bbox 141 4303 1229 4392; baseline 0.006 -36"><span class='ocrx_word' id='word_1_200' title='bbox 141 4321 152 4348; x_wconf 82' lang='lat'><strong>«</strong></span> <span class='ocrx_word' id='word_1_201' title='bbox 172 4303 282 4358; x_wconf 79' lang='lat' dir='ltr'><strong>addixit.</strong></span> <span class='ocrx_word' id='word_1_202' title='bbox 298 4305 327 4357; x_wconf 91' lang='lat' dir='ltr'><strong>lu</strong></span> <span class='ocrx_word' id='word_1_203' title='bbox 340 4317 392 4371; x_wconf 83' lang='lat' dir='ltr'><strong>quo</strong></span> <span class='ocrx_word' id='word_1_204' title='bbox 406 4308 496 4392; x_wconf 76' lang='lat' dir='ltr'><strong>sparte</strong></span> <span class='ocrx_word' id='word_1_205' title='bbox 507 4306 626 4365; x_wconf 81' lang='lat' dir='ltr'><strong>ornanda</strong></span> <span class='ocrx_word' id='word_1_206' title='bbox 636 4307 749 4364; x_wconf 87' lang='lat' dir='ltr'><strong>eximios</strong></span> <span class='ocrx_word' id='word_1_207' title='bbox 767 4309 842 4364; x_wconf 79' lang='lat' dir='ltr'><strong>breui</strong></span> <span class='ocrx_word' id='word_1_208' title='bbox 857 4321 1019 4376; x_wconf 81' lang='lat' dir='ltr'><strong>progressus</strong></span> <span class='ocrx_word' id='word_1_209' title='bbox 1031 4309 1103 4375; x_wconf 85' lang='lat' dir='ltr'><strong>feeit,</strong></span> <span class='ocrx_word' id='word_1_210' title='bbox 1116 4309 1180 4364; x_wconf 84' lang='lat' dir='ltr'><strong>lieet</strong></span> <span class='ocrx_word' id='word_1_211' title='bbox 1192 4313 1229 4375; x_wconf 82' lang='lat' dir='ltr'><strong>(ut</strong></span> 
     </span>
    </p>
   </div>
   <div class='ocr_carea' id='block_1_7' title="bbox 0 0 1431 4868">
    <p class='ocr_par' dir='ltr' id='par_1_9' title="bbox 0 0 1431 4868">
     <span class='ocr_line' id='line_1_24' title="bbox 0 0 1431 4868; baseline 0 0"><span class='ocrx_word' id='word_1_212' title='bbox 0 0 1431 4868; x_wconf 95' lang='lat' dir='ltr'><strong> </strong></span> 
     </span>
    </p>
   </div>
  </div>
 </body>
</html>
