2782 4868
535 333 733 394 -195—

93 487 350 545 immutationem.
376 485 514 542 Attamen
540 485 692 542 nonnulle
714 485 786 542 suut
807 496 873 554 nura
893 495 950 540 nec
970 496 1040 540 cum
1061 482 1178 542 ratione

93 622 151 665 nec
166 619 353 665 cumrerum
368 607 479 664 natura
495 606 568 664 satis
584 620 751 676 congruere
770 608 874 664 noster
889 604 1101 676 intellexisset,
1119 603 1179 659 nisi

93 738 183 797 suas,
198 723 258 782 nisi
275 724 438 796 aequalium
449 725 479 782 et
489 723 602 782 civium
614 723 777 795 opiniones
792 736 848 794 pro
864 723 975 779 natura
990 733 1107 793 rerum,
1123 733 1179 791 pro

94 844 213 902 ratione
228 844 404 916 accepisset.

131 964 209 1022 satis
235 964 272 1022 de
294 964 447 1023 erroribus
471 984 477 1021 :
500 964 552 1036 qui
580 965 676 1023 multo
702 968 806 1023 minus
830 969 951 1024 liacouo
977 964 1182 1038 exprobrandi

96 1085 170 1143 sunt
193 1098 286 1158 quam
312 1085 416 1156 gratiae
438 1099 493 1158 pro
515 1087 560 1144 tot
578 1085 733 1144 beneficiis
758 1085 796 1142 alr
821 1086 930 1144 eodem
953 1085 987 1142 in
1009 1085 1182 1143 doctrinam

95 1204 237 1276 civilem,
264 1205 296 1261 in
319 1204 390 1277 jus,
417 1205 450 1262 in
475 1204 706 1277 philosophiam
732 1217 855 1263 omnem
879 1205 1018 1277 collatis,
1045 1173 1181 1275 agendae.

95 1325 238 1382 Omnium
258 1324 382 1396 quidem
403 1329 449 1384 est
466 1339 586 1398 errare;
609 1339 778 1398 paucorum
800 1340 873 1386 vero
894 1326 1099 1399 philosophie
1113 1326 1182 1383 luce
1257 1381 1260 1384 ,

94 1444 145 1515 jus
167 1445 319 1503 illustrare
341 1448 371 1504 et
390 1446 505 1519 pariter
524 1448 569 1505 tot
588 1450 710 1519 tamque
723 1448 845 1519 magnis
861 1447 1011 1506 doctrinis
1026 1446 1182 1519 prodesse.
1285 1499 1289 1506 .

96 1567 163 1623 Non
188 1565 280 1636 igitur
299 1565 414 1636 injuria
435 1565 468 1621 in
489 1566 631 1637 sepulcro
651 1565 716 1637 ejus
740 1565 889 1637 scriptum
914 1579 981 1623 esse
1006 1565 1179 1623 fateamur:

100 1708 111 1736 o
132 1685 310 1744 Franciscus
323 1690 438 1762 Bacca,
454 1691 552 1745 Baron
567 1687 605 1744 de
619 1688 776 1759 verulam,
788 1687 822 1744 Sti
837 1681 910 1744 r'lllrni
925 1686 996 1760 vic,
1012 1699 1066 1743 seu
1081 1685 1181 1744 notio-

101 1824 112 1853 «
132 1803 216 1861 ribus
242 1803 337 1860 titulis
358 1802 555 1862 scientiarum
581 1804 707 1877 lumen,
732 1803 884 1877 facundia
909 1803 958 1861 lex
981 1801 1025 1859 sic
1048 1800 1182 1859 sedehat.

102 1923 188 1991 «Qui
214 1925 377 1996 postquam
405 1925 511 2003 omnia
535 1924 684 1983 naturalis
708 1924 865 1996 sapientia
893 1931 921 1980 et
950 1921 1046 1979 cicilie
1071 1933 1184 1978 aroana

99 2062 109 2087 ι
131 2041 293 2100 evolvisset
307 2047 424 2101 naturae
439 2044 594 2100 decretum
610 2041 740 2114 explevit
756 2061 762 2098 :
779 2041 954 2113 Composita
976 2038 1144 2099 solvantur.
1169 2057 1179 2085 o
