2782 4868
660 296 825 358 40-

197 456 387 528 compertum
404 453 467 509 est:
496 451 576 509 hanc
593 451 689 522 legem
705 455 787 525 apud
803 466 861 511 nos
876 450 1005 510 omnino
1030 449 1170 508 inutilem
1191 451 1293 511 fuisse

197 574 333 646 constat,
351 586 411 645 qua
435 585 585 644 supreme
601 571 692 629 curiae
716 572 749 629 id
763 572 943 631 mandatum
958 569 1057 627 iuerat
1071 569 1105 658 ut
1119 571 1294 642 quotannis

199 693 386 752 antinomias
407 704 461 765 per
477 694 586 762 Regem
602 691 800 750 resolvendas
821 691 860 749 ad
882 694 1046 761 utrumque
1070 691 1209 748 serranum
1236 691 1293 762 qui

200 813 272 870 tunc
286 812 344 870 iuit
359 811 441 882 apud
456 824 514 869 uos
531 810 660 868 deferret
679 811 729 883 (1).

236 928 397 987 Difficilius
413 932 459 986 est
473 930 598 1002 quidem
615 929 652 987 de
668 929 716 987 his
732 931 863 987 statuere
877 928 994 1000 legibus
1005 941 1072 1001 quae
1083 941 1147 985 non
1160 928 1226 999 jam
1236 931 1293 986 aut

199 1051 266 1122 ipso
281 1051 417 1121 tempore
442 1050 495 1106 aut
518 1048 636 1119 legibus
661 1048 730 1107 aliis
755 1046 953 1118 abrogentur.
981 1050 1106 1106 Summa
1131 1046 1295 1118 diligentia

199 1169 285 1224 cavet
299 1165 405 1222 noster
420 1178 459 1222 nc
485 1165 553 1238 quis
579 1177 630 1222 eas
651 1164 867 1236 imprudentur
880 1164 982 1223 laedat.
1003 1166 1069 1221 Non
1092 1163 1175 1222 enim
1190 1177 1293 1223 novas

200 1297 248 1342 res
261 1285 296 1342 ut
314 1284 347 1343 in
368 1284 580 1357 philosophia,
605 1285 647 1342 ita
671 1284 786 1356 injure
806 1284 1003 1357 comprobat,
1030 1284 1084 1341 sed
1112 1305 1123 1335 ι
1142 1296 1294 1353 magnum

203 1424 214 1452 ιι
236 1402 403 1461 discrimen
418 1402 499 1459 inter
514 1414 561 1459 res
578 1401 682 1459 civiles
699 1402 728 1458 et
737 1402 818 1459 artes
834 1422 846 1449 ι
865 1413 931 1458 esse
945 1403 1074 1472 monet,
1100 1421 1111 1449 ι
1129 1413 1193 1456 non
1208 1399 1295 1457 idem

200 1546 211 1572 ιι
233 1522 403 1595 periculum
418 1535 436 1579 a
450 1535 531 1580 novo
547 1521 634 1579 motu
653 1523 682 1578 et
697 1534 715 1578 a
731 1533 812 1579 nova
830 1520 914 1592 luce,
931 1533 1038 1579 verum
1053 1519 1086 1576 in
1107 1518 1198 1576 rebus
1215 1518 1293 1583 ciui-

204 1663 215 1691 ι
237 1642 318 1701 libus
328 1641 529 1701 mutationem
540 1639 632 1698 etiam
643 1641 676 1697 in
687 1640 798 1698 melius
808 1641 981 1711 suspectam
997 1651 1063 1696 esse
1078 1637 1118 1696 ob
1131 1637 1294 1710 perturba-

204 1786 215 1813 «
237 1763 370 1834 tionem,
380 1774 477 1834 quum
487 1760 589 1818 civilia
599 1760 791 1826 auctoritate,
804 1771 972 1833 conpnsu„
984 1757 1067 1817 fama
1080 1760 1110 1814 et
1126 1757 1295 1830 opinione,

205 1903 216 1931 ιι
237 1894 303 1939 non
324 1879 586 1938 demonstratione
607 1879 745 1936 nitantur
766 1877 819 1951 (h).
851 1899 863 1930 ι
892 1878 1039 1936 iacobum
1056 1890 1163 1948 regem
1185 1876 1297 1935 laudat

203 2000 286 2072 quod
308 2000 390 2070 leges
415 1999 551 2069 vigentes
568 1999 770 2070 amplectatur
791 1999 940 2070 novisque
964 1997 1054 2056 rebus
1075 1997 1240 2056 adversum
1261 2010 1296 2053 se

203 2118 327 2191 prestet
342 2116 397 2190 (3).

239 2236 325 2306 Quod
340 2235 380 2294 ad
395 2235 477 2307 leges
492 2235 680 2308 supplendas
709 2236 843 2309 spectat,
859 2234 917 2292 hac
933 2248 1044 2294 norma
1057 2235 1207 2294 utendum
1226 2249 1295 2295 esse

204 2356 356 2415 existimat
380 2356 508 2414 noster:
530 2377 542 2405 ιι
562 2355 635 2414 vide
655 2356 759 2413 utrum
781 2354 935 2413 dubitetur
955 2355 1055 2432 solurn
1073 2356 1106 2414 in
1125 2355 1296 2414 extraordi-

207 2499 218 2526 ιι
239 2476 335 2534 uariis
350 2474 488 2547 casibus,
509 2476 597 2533 auin
613 2476 800 2548 quotidianis
814 2490 935 2548 quoque
953 2496 959 2532 :
977 2477 1003 2533 si
1019 2477 1052 2534 in
1069 2476 1147 2550 illis,
1162 2475 1294 2535 iufirmi-

207 2616 219 2644 ιι
241 2596 333 2653 tatem
347 2595 517 2652 humanam
532 2594 654 2651 incuses
670 2614 677 2650 ι
695 2595 768 2652 siin
789 2594 854 2668 his,
875 2595 1018 2654 vitiosam
1038 2607 1103 2652 esse
1121 2594 1220 2664 legem
1238 2608 1296 2666 pro

206 2731 218 2760 ι
240 2715 321 2772 certo
336 2713 450 2772 habeas
468 2711 520 2784 (t).
543 2734 556 2763 ιι
573 2716 640 2770 tam
654 2712 742 2771 locus
759 2715 805 2770 cst
821 2727 909 2773 novae
924 2713 1015 2772 alicui
1029 2714 1100 2785 legi.

240 2833 327 2903 Quod
350 2834 376 2891 si
397 2834 480 2894 mala
501 2847 567 2892 esse
583 2833 706 2892 videtur
720 2834 768 2892 lex
783 2835 924 2907 quadam
942 2834 1086 2893 omuibus
1101 2835 1134 2892 in
1156 2833 1294 2908 casibus,

210 2950 421 3021 abrogandam
432 2964 500 3009 eam
511 2964 577 3009 esse
593 2964 783 3009 censeamus.

242 3071 283 3128 Ne
293 3071 394 3129 autem
406 3069 580 3129 turbulenta
589 3069 716 3128 mutatio
727 3069 799 3128 fiat:
815 3091 826 3119 ιι
842 3070 1008 3128 Prudenter
1018 3070 1296 3144 iacienthomines,

209 3211 222 3240 «
244 3190 269 3247 si
280 3190 313 3247 in
322 3190 576 3250 innovationibus
587 3190 652 3249 suis
664 3204 683 3248 a
695 3192 830 3262 tempore
845 3190 1018 3262 exemplum
1033 3191 1137 3263 petant
1153 3210 1160 3247 :
1177 3194 1299 3263 tempus

210 3328 222 3357 ι
244 3308 327 3367 enim
355 3310 483 3368 innovat
506 3310 554 3367 vei
577 3309 722 3380 maxime,
749 3310 802 3366 sed
828 3309 930 3382 tacite,
955 3309 1141 3381 pedetentim
1172 3310 1298 3368 aesino

245 3710 274 3773 (1)
295 3708 321 3760 L.
338 3709 370 3760 30
386 3706 476 3773 juillet
494 3710 572 3773 1828,
586 3708 712 3775 abrogata
721 3709 789 3776 lege⁴
802 3713 811 3763 i
826 3712 894 3764 aurii
908 3713 980 3764 1837.

246 3801 276 3866 tit
290 3801 354 3853 Nou.
368 3799 501 3866 Organum
510 3799 559 3852 lib.
573 3801 598 3865 l,
611 3803 655 3854 90.
928 3871 931 3875 ⁷

245 3892 275 3956 (3)
291 3890 344 3944 The
362 3889 460 3955 charge
478 3891 582 3956 against
602 3891 634 3943 u.
657 3891 864 3946 Olirer-St·tohn
888 3891 1070 3957 scandalizing
1088 3891 1141 3945 aud
1158 3891 1299 3958 traducing

211 3980 240 4033 in
252 3980 299 4034 the
308 3980 398 4047 public
409 3981 529 4035 sessions
538 3980 632 4034 letters
644 3983 704 4036 sent
715 3980 784 4034 irom
793 3981 839 4035 the
848 3982 923 4036 lords
943 3981 972 4035 oi
988 3981 1095 4035 council
1110 3981 1240 4047 touching
1253 3981 1299 4035 the

211 4069 404 4123 beneroience.

244 4148 278 4225 (4)
290 4161 484 4227 iproposition
495 4165 521 4216 to
533 4163 578 4216 his
585 4163 696 4232 Maiesty
705 4164 836 4230 touchinu
846 4165 897 4234 ‚the
909 4162 1055 4231 conpiling
1063 4164 1116 4218 and
1129 4162 1300 4220 amendment

213 4251 293 4307 nithe
302 4253 367 4309 laws
379 4252 407 4307 oi
416 4254 542 4321 dugland.
