2782 4868
574 401 740 463 ..51-

148 556 191 614 Ex
207 567 243 613 co
261 552 343 626 qnod
364 552 512 625 optimam
529 565 597 611 esse
613 553 744 614 sormam
764 553 894 614 civitatis
916 555 1142 628 conjiciendum
1161 559 1201 618 sit

111 675 250 749 seqrdtur
269 674 439 735 seeurmnm
467 687 536 735 eam
559 675 717 764 iaciendas
743 688 809 737 esse
830 677 923 749 leges.
950 678 1037 747 Quod
1066 679 1201 739 declarat

111 797 247 858 Tullius:
266 817 281 848 ν
297 799 342 856 An
357 809 478 871 censes,
495 810 590 870 quum
605 798 638 856 in
656 797 719 857 illis
734 797 772 857 de
792 798 949 871 republica
969 798 1057 859 libris
1075 781 1201 872 persna-
1284 831 1288 836 ·

114 940 127 970 ι
153 918 225 978 dere
240 917 379 979 videatur
400 915 560 976 Africanus
586 917 726 977 omnium
747 917 1045 991 rerumpublicarum
1062 919 1201 979 nostram

115 1056 129 1085 α
148 1035 281 1094 veterem
291 1034 378 1094 illam
391 1033 486 1093 tuisse
498 1035 657 1110 optimam,
673 1049 737 1095 non
753 1049 955 1095 necesseesse
966 1037 1089 1110 optime
1101 1037 1202 1111 reipu-

114 1175 131 1209 ι
148 1155 236 1216 blica
246 1156 328 1228 leges
342 1155 415 1215 darc
428 1156 737 1229 consentaneasttllr
757 1160 835 1217 «Nos
844 1159 1112 1232 autemqnoulnm
1120 1158 1203 1230 leges

114 1295 127 1328 ι
150 1275 261 1335 damus
276 1273 382 1335 liberis
394 1276 532 1349 populis,
555 1285 684 1350 quaque
703 1276 742 1336 de
761 1276 879 1350 optima
892 1276 1050 1351 republica
1073 1277 1199 1336 sentire-

117 1415 128 1444 ι
150 1408 239 1470 mus,
263 1395 296 1452 in
308 1407 360 1453 sex
373 1394 459 1453 libris
476 1396 546 1453 anie
561 1393 712 1468 diximus,
727 1396 1031 1456 accommodabimus
1045 1397 1105 1454 boc
1126 1397 1202 1454 tem·

117 1526 224 1586 -pore
248 1513 328 1584 leges
348 1513 388 1574 ad
404 1514 508 1587 illum,
526 1527 617 1588 quem
632 1514 816 1588 probamus,
837 1515 968 1576 civitatis
989 1511 1166 1588 statomffl).
1189 1533 1201 1565 ν

113 1639 221 1696 Νοιιιισ
235 1636 304 1697 ideo
325 1637 405 1709 leges
429 1638 470 1697 ad
491 1638 712 1711 rempublicam
737 1638 970 1697 accommodare
994 1637 1071 1698 velle
1085 1635 1205 1698 uocem

114 1757 246 1830 minus,
257 1756 330 1831 quia
345 1758 496 1831 optimum
511 1771 578 1816 esse
587 1758 718 1818 cirionis
733 1771 796 1816 suae
811 1757 924 1815 statum
938 1757 1062 1814 censet?

149 1879 192 1936 Ne
207 1876 276 1950 ouis
291 1878 393 1937 autem
411 1879 493 1949 leges
512 1878 655 1939 ferendas
682 1890 748 1936 esse
773 1877 946 1950 arbitretur,
974 1879 1010 1935 ut
1027 1875 1066 1933 iis
1084 1873 1206 1947 prosint

115 1995 228 2068 quibus
242 1998 287 2054 est
307 1998 473 2058 commissa
495 1998 672 2070 reipublice
694 1988 825 2057 summa.
852 2001 921 2057 lure
946 1997 1030 2056 enim
1057 1996 1141 2054 Plato
1161 1993 1204 2068 (3)

115 2118 198 2190 leges
215 2118 256 2178 ad
273 2132 437 2179 commune
462 2120 580 2179 bonum
605 2118 730 2178 tendere
755 2116 855 2190 jubet,
879 2128 946 2190 qnae
967 2117 1070 2175 autem
1092 2127 1204 2188 pauco-

116 2250 186 2296 rum
208 2238 306 2309 grube
332 2239 578 2312 componendas,
614 2251 665 2299 eas
691 2238 835 2298 factiosas
860 2238 967 2311 vocat,
996 2234 1207 2308 justitiamque

114 2357 357 2418 inanemvocem
371 2371 437 2417 esse
453 2359 596 2418 declarat.
616 2362 682 2417 Non
697 2357 789 2416 unice
804 2358 854 2416 lex
873 2337 1036 2415 sumenda
1049 2357 1112 2426 est,
1134 2351 1207 2424 quia

116 2475 190 2536 iude
200 2476 240 2536 ad
254 2490 355 2549 regom
364 2477 480 2536 utilitas
494 2477 609 2550 aliquia
619 2476 805 2537 descendere
820 2475 936 2549 potest,
948 2473 1009 2533 nisi
1025 2482 1134 2533 omnes
1147 2468 1206 2528 uti·

116 2595 213 2655 litatis
226 2596 388 2670 participes
408 2597 504 2656 intnri
527 2601 608 2658 snut.
625 2598 713 2670 begis
730 2597 1024 2670 magistratuumque
1045 2590 1209 2652 commoda

116 2728 135 2772 a
164 2715 256 2775 totius
278 2716 408 2799 ciuitatis
430 2717 601 2802 commodis
624 2716 805 2777 difficillime
829 2716 928 2777 fateor
949 2713 1083 2773 discerni
1106 2724 1206 2785 posse,

115 2810 284 2908 praesertim
295 2850 390 2909 quum
405 2837 501 2909 ipsius
516 2838 610 2913 regis,
626 2839 764 2910 ipsorum
780 2835 1013 2907 magistratuum
1029 2834 1128 2891 iacere
1145 2830 1208 2888 dis·

118 2957 235 3017 crimen
251 2957 289 3015 sit
305 2975 312 3014 :
330 2957 404 3015 hinc
425 2969 497 3016 vero
513 2939 632 3030 pendet
646 2970 686 3016 an
707 2956 844 3028 legitima
856 2954 998 3027 justaque
1018 2950 1058 3009 sit
1078 2949 1209 3009 civitatis

118 3076 327 3149 gubernanda}
352 3077 472 3136 forma:
498 3079 597 3149 Φανσρὸν
622 3088 652 3141 ὡς
683 3084 736 3134 ὅσαι
760 3086 803 3146 μὲν
824 3083 941 3132 πολιτεῖαι
953 3085 980 3130 τὸ
1008 3085 1071 3141 κοινῇ
1095 3075 1209 3140 συμφέρον

121 3208 263 3266 σκοποῦσιν,
277 3201 348 3255 αὗται
369 3199 491 3269 μὲνόρθοιὶ
508 3205 659 3267 τυγχάνουσιν
688 3193 754 3249 οὖσαι
775 3201 876 3249 κατὰτὸ
896 3198 976 3253 ἁπλῶς
990 3193 1097 3255 δίκαιον,
1117 3192 1170 3242 ὅσαι
1185 3189 1210 3238 de

121 3326 149 3370 rb
163 3323 273 3388 σφέτερον
286 3324 359 3383 μόνον
380 3328 426 3370 τῶν
448 3319 567 3384 ἀρχόντων
587 3317 753 3382 ἡμαρτημέναι
765 3320 839 3366 πᾶσαι
852 3318 889 3362 καὶ
902 3304 1055 3376 supersecta
1070 3314 1117 3359 τῶν
1136 3306 1209 3370 ὀρθῶν

121 3437 245 3488 πολιτειῶν
259 3443 265 3456 ’
279 3434 425 3504 ὃσοοιοτικοιὶἸ
437 3439 500 3500 γὰρ,
523 3442 537 3493 ἡ
560 3433 585 3484 δὲ
598 3435 664 3490 πόλις
678 3435 785 3483 κοινωνία
796 3437 842 3481 τῶν
852 3429 974 3493 ἐλευθέρων
987 3426 1048 3476 ἐστίν
1062 3421 1104 3486 il).

154 3545 272 3619 Optime
286 3545 489 3618 philosophus
504 3545 567 3617 ille,
583 3544 636 3617 qui
651 3544 751 3614 legum
766 3545 916 3611 naturam,
933 3551 985 3597 eas
995 3537 1074 3595 inter
1084 3549 1116 3593 sc
1126 3545 1207 3592 oom-

122 3665 281 3738 ponendo,
297 3667 445 3739 praeivit,
462 3666 608 3725 intellexit
620 3664 695 3738 quid
706 3664 745 3721 sit
759 3662 840 3733 leges
851 3670 1016 3730 congruere
1027 3668 1096 3714 cum
1110 3653 1210 3713 torma

160 4107 422 4172 mMQmffl

160 4199 188 4259 (ll
209 4197 246 4249 lb.
262 4211 310 4261 ιιι,
324 4202 348 4249 i.

160 4287 368 4351 &mmm

162 4378 494 4444 tbbmmtfflbm,b
