2782 4868
605 316 772 378 -88-

153 468 263 528 «inter
281 479 388 527 causas
406 468 479 528 belli
501 466 670 527 admodum
694 467 893 527 favorabilem
917 488 928 518 r
955 468 1151 531 cantitetur«
1174 486 1240 532 esse

153 608 164 638 a
185 600 253 647 eam
268 600 335 660 pua
345 586 442 647 tendit
455 587 495 646 ad
504 585 702 646 debellandas
717 586 895 660 tyrannides
908 586 967 647 sub
980 589 1093 663 qulbus
1106 591 1242 665 populus

151 704 368 779 «succumbit,
397 707 428 765 et
449 704 652 779 prosternitur
672 705 740 764 sine
761 705 874 765 animis
896 706 926 765 st
944 706 1064 782 vigore,
1090 711 1242 782 tanquam

151 847 162 878 s
182 828 239 887 sub
253 828 431 901 adspectum
444 827 571 887 liedusae
586 847 594 885 ι
612 826 697 900 quod
710 826 804 885 etiam
817 827 937 886 Herculi
951 827 1150 889 dirinimtem
1164 844 1237 891 con·

149 969 162 1004 s
182 949 306 1010 ciltavit.
324 971 336 1001 s
352 952 419 1008 Non
430 947 496 1022 jam
509 947 561 1008 hic
574 947 709 1009 amicitia
726 948 843 1021 agitur;
863 960 971 1007 nonne
988 951 1142 1025 tyranno,
1173 951 1237 1010 tan·

147 1083 240 1143 guam
254 1069 407 1143 carnifici,
431 1069 507 1143 eripi
527 1069 648 1129 animas
664 1068 774 1142 iubent
794 1068 996 1129 humanitatis
1013 1068 1101 1145 jura,
1125 1069 1239 1144 ubique

147 1188 322 1249 servanda?
341 1212 356 1239 a
378 1188 439 1247 Sub
460 1187 623 1261 tyrannide
646 1186 795 1260 populum
815 1187 1013 1246 succumbere
1031 1191 1063 1246 et
1083 1190 1240 1262 prosterni

150 1333 163 1361 ι
182 1309 249 1368 sine
264 1310 378 1368 animis
392 1312 422 1368 et
436 1309 541 1381 vigore
560 1330 572 1360 r
591 1306 724 1380 reposcit
746 1309 848 1366 tamen
869 1306 1081 1381 venulamius3
1104 1308 1193 1381 quod
1213 1309 1240 1367 si

146 1443 212 1488 non
224 1428 387 1489 bominum
397 1430 504 1487 mutua
513 1440 581 1502 quae
591 1441 658 1488 esse
667 1429 756 1488 debet
765 1427 877 1488 caritas
891 1426 932 1486 ad
945 1427 1062 1486 bellum
1077 1427 1240 1502 impellere

146 1551 277 1624 ridetur,
292 1565 357 1611 non
371 1551 411 1611 ob
425 1551 599 1625 reipublice
612 1551 745 1611 formam
754 1549 838 1609 istud
849 1547 965 1623 suscipi
974 1549 1108 1622 patitur:
1122 1549 1239 1620 «Quod
1278 1601 1281 1608 .

149 1685 252 1733 suero
274 1673 382 1732 attinet
403 1672 443 1732 ad
467 1672 548 1731 bella
567 1671 704 1746 antiquis
730 1669 934 1744 temporibus,
954 1671 1079 1743 propter
1099 1671 1240 1730 statuum

149 1810 160 1837 ι
181 1789 428 1848 conformitatem
443 1789 608 1863 quamdam
622 1790 675 1847 aut
685 1788 992 1861 correspondentiam
1002 1789 1127 1849 tacitam
1137 1792 1241 1882 gesta,

149 1926 160 1958 s
180 1920 246 1966 non
267 1907 357 1967 uideo
377 1909 411 1965 in
430 1921 491 1980 quo
505 1908 576 1982 jure
595 1908 649 1967 illa
668 1907 798 1967 tundata
816 1907 891 1968 sint.
912 1909 996 1968 Talia
1008 1909 1141 1971 ‚inerunt
1158 1910 1243 1970 bella

148 2047 160 2078 a
181 2041 248 2100 qun
268 2041 287 2086 a
304 2028 452 2089 Romanis
469 2030 591 2102 sumpta
609 2030 698 2086 erant
716 2028 756 2086 ad
773 2028 917 2088 Graeciam
931 2028 966 2086 in
980 2028 1155 2089 libertatem
1170 2031 1238 2090 yin·

148 2144 363 2218 «dicandam3
388 2145 462 2204 talia
486 2146 725 2205 Lacedaemoniis
749 2149 779 2204 et
800 2145 1038 2206 Atheniensibus
1057 2146 1098 2205 ad
1121 2148 1240 2213 consti-

148 2285 161 2313 ι
180 2262 309 2322 tuendas
324 2264 377 2322 aut
391 2263 571 2324 evertendas
586 2265 790 2325 democratias
800 2266 829 2323 et
839 2264 1039 2340 oligarchias3
1055 2265 1129 2326 talia
1143 2280 1242 2340 quan·

147 2406 158 2435 s
180 2385 280 2459 doque
294 2385 379 2445 illata
392 2388 465 2445 sunt
478 2401 496 2447 a
507 2387 598 2447 rebus
607 2386 740 2460 publicis
751 2389 803 2447 aut
813 2386 1022 2461 principibus,
1040 2386 1098 2444 sub
1108 2391 1239 2459 praeter-

147 2526 159 2555 «
180 2508 213 2564 tu
227 2506 366 2565 subditos
382 2507 499 2567 alienos
517 2509 719 2582 protegendi,
735 2510 765 2567 st
779 2522 798 2567 a
810 2508 972 2590 tyrannide
980 2508 1172 2584 liberanditl
1182 2513 1202 2580 t.
1226 2534 1238 2563 a

180 2627 305 2686 Restant
321 2628 464 2700 religiosa
482 2629 573 2689 bella.
595 2630 695 2688 Armis
715 2630 839 2690 defendi
857 2643 949 2704 posse
970 2630 1153 2702 religionem
1174 2633 1241 2698 ulla

144 2743 213 2802 sine
246 2743 437 2805 dubitatione
470 2747 594 2820 scripsit
630 2752 779 2807 baconus.
816 2752 862 2808 An
895 2748 963 2821 ejus
993 2762 1087 2808 eausa
1119 2747 1240 2809 bellum

144 2864 225 2923 ultro
245 2867 336 2937 queat
354 2865 461 2924 inferri
480 2866 578 2926 multo
594 2866 751 2926 difficilius
766 2870 822 2927 est.
838 2867 1094 2940 Distinguendum
1109 2870 1240 2942 qurtdem

144 2980 249 3038 uirum
269 2981 351 3040 inter
369 2982 559 3043 christianos
579 2984 758 3056 dogmatum
778 2998 887 3059 causa,
906 2998 947 3044 an
967 2986 1149 3046 christianis
1164 3002 1239 3049 cum

144 3098 224 3158 alius
239 3098 311 3159 fidei
327 3101 496 3161 cultoribus
515 3103 695 3162 decertetur.
718 3106 801 3162 lnter
821 3104 1012 3165 christianos
1031 3107 1112 3166 ultro
1127 3108 1241 3169 inferri

145 3218 278 3294 bellum,
293 3222 353 3281 nisi
373 3224 531 3296 religionis
548 3238 647 3284 causa
665 3225 727 3284 alia
745 3226 910 3285 commoda
928 3225 1060 3300 iuraque
1080 3227 1238 3290 miscean-

148 3340 206 3412 tur,
233 3341 315 3400 vetat
347 3345 473 3401 noster:
498 3357 564 3402 non
593 3345 721 3416 indigne
742 3345 930 3420 philosopho
953 3350 983 3405 et
1016 3362 1052 3408 eo
1073 3348 1128 3423 qui
1155 3364 1241 3423 saepe

147 3457 244 3515 sectas
263 3471 372 3518 omnes
393 3461 452 3518 sibi
470 3461 603 3521 invicem
619 3463 795 3523 tolerandas
811 3466 1016 3525 contenderit.
1032 3470 1072 3525 be
1087 3469 1194 3528 turcis
1209 3473 1241 3529 et

147 3573 174 3630 si
195 3574 247 3648 qui
267 3574 445 3635 christiana
462 3579 620 3650 religionis
642 3582 771 3641 omnino
793 3597 858 3642 non
874 3586 947 3643 sunt
960 3555 1142 3660 participes,
1161 3588 1239 3660 quid

144 3693 275 3753 voluerit
292 3699 429 3754 baconus
450 3712 485 3755 eu
505 3697 627 3770 dialogo
654 3698 708 3774 tt),
737 3714 828 3772 quem
854 3701 1067 3774 imperfectum
1092 3703 1236 3780 reliquit,

179 4099 208 4161 (tt
227 4099 540 4169 Exemplumtractatus‚
556 4107 625 4171 etc,
639 4107 663 4159 7.

180 4188 210 4252 tt)
230 4186 354 4254 Dialogus
376 4190 410 4245 de
431 4192 503 4246 Bello
528 4206 616 4247 sacro.
639 4194 675 4247 di.
701 4196 841 4251 Sermones
863 4198 973 4264 iidelcs,
998 4201 1034 4254 be
1058 4200 1161 4253 unitate
1186 4198 1233 4254 lc-

144 4275 249 4344 clcsiae,
265 4284 288 4332 l.
389 4330 392 4334 ,
