2782 4868
610 388 800 447 -reu-

159 561 175 591 r
196 539 392 599 invenientur
418 537 524 597 inania
546 540 576 596 et
596 540 719 613 friuola)
739 555 834 612 eaque
849 543 882 599 in
899 554 995 599 unum
1012 542 1153 600 volumen
1170 543 1247 599 redi·

160 684 173 712 t
195 661 276 733 gito,
297 674 336 717 ne
357 659 490 731 anuquae
508 659 635 734 fabula,
650 664 686 720 ut
703 660 840 732 loquitur
855 660 1076 733 tribonianus,
1092 675 1162 719 cum
1176 661 1249 730 tegi-

160 803 172 829 ιι
194 781 253 837 nus
268 779 344 852 ipsis
358 778 554 838 misceantur.
575 801 586 832 ι

194 900 247 958 iiic
268 900 460 959 desideratur
479 900 512 957 in
534 904 655 959 Baconc
675 913 743 972 qua
765 901 841 959 solet
860 914 928 958 esse
953 899 1123 960 reverentia
1141 898 1249 970 prisca

156 1021 257 1080 etatis
271 1022 468 1094 veterumque
482 1021 600 1093 tegum3
616 1020 795 1078 mirandum
809 1020 882 1079 huic
897 1020 993 1079 videri
1008 1019 1041 1076 in
1056 1019 1117 1076 iltis
1129 1039 1141 1067 a
1153 1016 1249 1074 muita

156 1142 300 1201 «inania
325 1145 355 1199 et
379 1141 499 1200 frivola.
528 1164 539 1192 n
569 1141 625 1199 sed
650 1154 827 1213 quanquam
848 1140 925 1198 tiber
949 1140 985 1196 cte
1008 1123 1249 1213 Antiquitatibus

158 1264 267 1331 nepum
291 1263 427 1317 nonest
457 1261 632 1330 Romanus,
664 1271 729 1316 nnn
753 1258 884 1316 omuino
915 1256 1016 1315 deficit
1040 1261 1248 1315 Romanorum

156 1378 343 1450 prudentum
372 1380 541 1448 memoria,
580 1378 663 1451 qued
703 1392 738 1435 ex
767 1377 946 1436 triboniani
981 1377 1082 1436 verbis
1112 1378 1247 1448 apparet.

156 1503 314 1570 Bacenus,
329 1511 426 1572 quum
440 1498 494 1557 diu
509 1499 541 1555 in
556 1497 721 1556 Iustiniani
741 1493 830 1555 tibris
848 1501 987 1556 versatus
1009 1497 1065 1568 sit,
1087 1496 1201 1556 inuitus
1220 1500 1249 1553 et

154 1615 273 1674 inscius
294 1616 332 1673 de
352 1615 522 1687 ueteribus,
543 1628 607 1674 non
623 1615 712 1673 aliter
728 1615 819 1686 etque
833 1614 1040 1685 Iustinianus,
1056 1614 1177 1671 locutus
1191 1618 1246 1670 est.

191 1731 278 1790 Liber
300 1732 349 1790 hic
367 1733 553 1791 utilissimus
573 1745 640 1791 esse
656 1734 774 1806 potest3
796 1745 867 1790 eum
887 1733 987 1790 tamen
1003 1731 1136 1801 ategnm
1150 1731 1247 1788 latore

154 1852 252 1924 redigi
268 1853 366 1911 nolim
382 1858 412 1911 et
425 1856 572 1927 praeterea
586 1854 673 1912 nulla
692 1854 738 1912 est
760 1866 853 1911 causa
873 1865 927 1910 cur
951 1875 962 1899 ι
984 1851 1017 1909 in
1037 1864 1136 1908 unum
1159 1850 1245 1910 rolu-

157 1995 169 2022 ι
189 1986 262 2030 men
284 1995 295 2023 t
320 1972 483 2044 redigatur.
502 1975 568 2031 Nun
593 1973 700 2031 omnia
714 1972 797 2045 apud
811 1974 928 2031 veteres
947 1971 1058 2032 frivola
1079 1970 1108 2026 et
1122 1967 1244 2037 inania;

141 2091 278 2151 *brevem
293 2092 406 2151 tibrum
429 2107 496 2151 esse
517 2093 628 2151 dehere
645 2094 800 2167 concede,
821 2092 947 2165 quande
963 2091 1087 2164 quidem
1102 2091 1148 2148 est
1162 2089 1244 2147 auxi-

152 2207 254 2282 liaris3
267 2222 420 2268 eumverc
435 2223 501 2269 esse
516 2212 607 2283 cupio
623 2212 675 2284 qui
690 2212 802 2270 veteris
815 2211 896 2284 juris
910 2223 1063 2268 summam
1079 2209 1244 2266 contineat.

188 2329 217 2384 5,
236 2335 279 2386 Dc
297 2331 436 2388 Summis.
456 2352 467 2381 t
484 2344 619 2390 nxxxvu.
638 2333 860 2391 eracticaerero
875 2330 1042 2402 plurimum
1053 2330 1195 2400 interest,
1211 2332 1246 2386 ut

152 2468 165 2493 s
186 2447 238 2519 jus
252 2427 433 2509 universum
449 2453 605 2523 digeratur
619 2454 744 2527 ordine,
760 2455 792 2512 in
807 2456 893 2514 luces
912 2456 942 2512 et
960 2454 1081 2526 titulae,
1105 2452 1144 2510 ad
1167 2467 1244 2526 quos

154 2585 167 2613 c
189 2565 288 2625 subito
304 2567 314 2637 t
319 2573 409 2640 prout
424 2570 546 2629 dabitur
564 2573 700 2646 occasio)
718 2587 873 2632 recurrere
888 2574 956 2646 quis
971 2572 1086 2644 possit.
1101 2574 1194 2633 ueluti
1211 2573 1243 2630 in

150 2702 164 2730 «
184 2684 432 2755 promptuarium
450 2691 595 2758 puratum
614 2690 654 2748 ad
676 2694 841 2763 presentes
863 2707 949 2751 usus.
972 2693 1153 2765 Huiusmodi
1172 2693 1242 2751 libri

153 2819 165 2848 t
186 2811 376 2861 summarum
396 2807 426 2861 et
444 2807 591 2866 ordinant
612 2822 719 2881 sparsa
739 2814 768 2867 et
789 2810 969 2869 adbreviant
986 2811 1056 2869 tusa
1074 2814 1104 2868 et
1124 2813 1242 2883 prolixa

152 2939 166 2966 κ
186 2919 304 2992 inlege.
316 2925 491 2982 Cavendum
502 2931 604 2985 autern
618 2932 663 2986 est
674 2944 713 2986 ne
729 2943 857 2988 summae
873 2930 938 2987 istae
954 2930 1095 2988 homines
1112 2931 1241 2988 reddant

152 3055 165 3082 «
187 3039 346 3109 promptos
368 3041 405 3099 ad
421 3042 607 3116 practicam,
632 3050 801 3106 cessatores
820 3048 996 3107 inscientia
1019 3050 1107 3122 ipsa:
1135 3063 1239 3108 earum

152 3178 163 3204 t
186 3157 268 3216 enim
293 3160 430 3220 efficium
455 3169 501 3222 est
524 3167 583 3224 tate
600 3168 634 3225 ut
659 3182 695 3226 ex
721 3169 759 3226 iis
782 3170 933 3229 recolatur
949 3171 1015 3242 jus,
1038 3184 1101 3228 non
1122 3171 1237 3242 perdis·

151 3280 280 3338 «catur.
316 3286 447 3341 Summa
479 3288 582 3345 autem
611 3289 740 3348 omnino
768 3304 882 3362 magna
915 3291 1089 3363 diligentia,
1118 3290 1178 3348 side
1210 3295 1239 3347 ct

152 3415 163 3441 α
183 3395 301 3466 judicic
318 3404 391 3459 sunt
407 3402 628 3474 conficienda,
644 3422 682 3466 ne
697 3408 812 3467 furtum
829 3410 944 3468 faciant
957 3410 1083 3481 tegibus.
1104 3433 1114 3461 n

184 3512 231 3572 Nil
247 3516 354 3576 utilius
370 3534 463 3593 quam
480 3537 607 3583 summe
624 3526 693 3584 itta.
713 3528 798 3596 Quod
818 3529 856 3585 iis
875 3529 949 3587 insit
963 3530 1134 3601 periculum
1148 3533 1236 3586 Bacc-

133 3647 224 3691 num
240 3648 304 3695 ncn
320 3637 427 3698 fefellit
439 3662 445 3698 ε
459 3644 492 3702 id
508 3659 580 3704 uero
595 3647 693 3705 multu
709 3648 810 3720 maJ'us
825 3652 884 3721 est,
899 3650 951 3708 ubi
968 3662 1088 3707 summa
1103 3649 1236 3719 elegum

146 3753 242 3812 tatere
260 3756 328 3828 ipso
354 3760 469 3832 scripta
497 3765 552 3821 est.
580 3765 644 3824 Non
666 3766 732 3838 jam
749 3781 827 3841 opus
854 3770 957 3825 estut
982 3770 1135 3840 quaeratur
1160 3782 1235 3827 num

145 3872 218 3929 satis
242 3874 296 3934 ilia
320 3881 470 3948 congruat
497 3895 568 3939 cum
598 3883 680 3954 tege,
718 3898 782 3942 non
810 3885 875 3958 jam
902 3885 942 3942 ad
971 3887 1069 3956 legem
1098 3900 1234 3959 uuquam

146 3995 325 4054 attenditur.

181 4115 208 4168 6.
229 4117 271 4168 De
284 4112 425 4185 formulis
440 4119 559 4191 apendi.
585 4142 595 4169 u
621 4135 766 4180 nxxxvru.
797 4122 954 4180 Formutas
970 4124 1080 4194 agendi
1100 4124 1235 4183 diversas

149 4253 161 4278 α
181 4232 214 4288 in
241 4248 428 4309 unoquoque
451 4253 561 4310 genere
578 4240 723 4312 colligite.
740 4245 815 4300 Nam
832 4247 860 4298 et
882 4241 1021 4312 practicae
1037 4242 1096 4300 troc
1111 4242 1236 4298 interest

153 4370 165 4397 n
185 4353 214 4408 et
225 4356 305 4412 certe
320 4355 461 4427 pandunt
477 4359 536 4417 itta
553 4359 678 4419 oracula
693 4363 722 4418 et
732 4360 971 4432 occultalegum.
986 4361 1061 4418 sunt
1076 4359 1158 4418 enirn
1169 4373 1233 4418 nou
