2782 4868
590 335 777 397 -138-

144 517 162 545 -r
183 495 240 554 suh
252 494 379 567 throno,
391 494 532 552 caventes
547 505 586 551 ne
602 492 718 564 aliquid
732 507 769 551 ex
782 492 904 565 juribus
917 493 1066 566 legalibus
1081 495 1240 570 impetant

149 637 163 669 «
183 617 237 675 aut
255 614 439 674 convellant.
460 614 615 671 Postremo
636 624 676 670 ne
695 612 757 669 sint
772 612 891 684 judices
912 615 974 671 iam
992 613 1093 686 ignari
1112 614 1196 688 juris
1211 621 1242 677 et

151 759 162 787 o
183 733 393 810 prerogativae
410 746 488 805 sna,
504 734 538 790 ut
552 731 686 803 cogitent
699 743 763 790 non
778 730 837 788 sihi
856 731 989 804 relinqui
1004 734 1155 805 tanquam
1168 747 1239 792 mu·

150 851 267 910 «neris
295 850 343 907 sui
367 851 486 922 partem
511 847 713 921 principalem
738 861 849 906 sanum
873 850 903 907 et
926 849 1112 922 prudentem
1133 849 1240 922 legum

151 992 164 1025 «
183 984 274 1030 usum
288 972 319 1029 et
331 969 579 1044 applicationem.
594 968 713 1027 Etenim
727 969 760 1026 in
776 968 915 1027 animum
935 982 1077 1029 revocare
1091 972 1241 1042 poterunt

151 1116 165 1144 ι
185 1093 301 1151 dictum
329 1090 407 1151 illud
437 1092 568 1164 apostoli
597 1091 635 1149 de
664 1090 730 1162 lege
758 1091 905 1149 humanis
933 1091 1051 1161 legibus
1078 1091 1201 1164 majore
1231 1111 1239 1150 z

153 1235 164 1264 o
185 1216 246 1269 Nos
262 1216 371 1271 scimus
386 1217 460 1287 qnia
476 1211 525 1267 lea
539 1213 614 1269 bono
628 1217 688 1280 est,
705 1211 792 1267 modo
807 1213 874 1285 quis
887 1227 924 1268 en
937 1216 1046 1267 utatur
1060 1210 1205 1283 lepittme.
1225 1234 1238 1264 s

150 1335 216 1393 Non
225 1334 436 1406 autemjnstns
451 1331 529 1404 tapes
543 1331 688 1388 adversus
700 1330 824 1404 politica
838 1346 911 1387 nera
925 1330 1045 1404 aliquid
1057 1331 1242 1404 antipathia

154 1453 261 1510 tabere
282 1452 445 1526 quisquam
474 1450 651 1525 contendit,
676 1451 802 1510 sedeas
825 1451 989 1510 commodo
1009 1454 1062 1510 aut
1082 1452 1243 1511 commodi

151 1569 263 1642 speciei
278 1568 500 1628 condonandas
515 1582 580 1628 esse
595 1570 675 1627 recte
685 1570 828 1657 [negatur.
839 1568 959 1626 scilicet
972 1581 1036 1626 non
1051 1567 1179 1626 easdem
1191 1581 1242 1626 res

150 1692 180 1747 et
200 1688 316 1762 judicia
340 1690 370 1747 et
394 1702 497 1748 rerum
522 1688 713 1761 publicarum
746 1687 974 1747 administratio
1000 1687 1241 1759 amplectuntur.

149 1810 271 1869 iudices
286 1823 361 1869 sane
376 1810 456 1868 nihil
475 1825 512 1866 ea
525 1811 650 1882 juribus
670 1808 824 1882 nepotibus
841 1812 982 1881 impetere
1002 1816 1057 1866 ont
1076 1808 1243 1866 convellere

152 1929 278 1998 debent,
300 1941 365 1986 non
385 1928 455 1987 ideo
474 1928 593 2000 privata
609 1929 680 2000 jura
704 1927 820 1986 violare
840 1927 1005 2001 jubentur,
1027 1940 1085 1985 nec
1106 1928 1242 1999 legenti

151 2046 285 2118 legitime
299 2048 448 2119 possunt,
463 2047 523 2105 nisi
539 2047 566 2104 ei
581 2048 672 2106 unice
686 2050 824 2120 pareant.

187 2165 218 2224 si
239 2165 309 2239 quis
328 2167 431 2225 autem
451 2169 606 2224 Baconum
631 2179 775 2224 excusare
798 2166 831 2223 in
855 2167 960 2225 animo
985 2166 1093 2234 habet,
1121 2167 1162 2224 ab
1186 2167 1242 2227 illo

153 2282 277 2341 delendi
292 2285 392 2356 potest
411 2284 659 2358 consuetudinis,
681 2298 748 2357 qua
770 2286 843 2342 tunc
863 2284 936 2358 init,
959 2285 1130 2358 imperium.
1153 2289 1241 2345 Jaco-

152 2404 210 2462 bus
231 2406 243 2461 l
263 2403 362 2464 filium
383 2419 474 2464 suum
496 2405 636 2464 hortatur
658 2408 693 2464 ut
716 2419 820 2464 coram
835 2405 928 2463 curiis
948 2407 1013 2478 ipse
1032 2405 1117 2464 adsit
1132 2408 1244 2466 amicis

153 2520 234 2594 suis,
259 2534 320 2593 quo
336 2521 425 2580 citius
451 2523 488 2580 de
508 2523 614 2581 litibus
637 2537 742 2583 eorum
758 2526 922 2596 statuatur,
944 2524 1117 2596 equitatem
1136 2525 1242 2584 tamen

151 2640 253 2698 servet
267 2637 309 2713 (1)
326 2658 334 2696 ε
351 2653 458 2698 nonne
472 2642 573 2699 autem
588 2641 760 2714 principem
775 2643 883 2701 adesse
897 2646 932 2701 ut
942 2643 1034 2701 alicui
1047 2643 1168 2718 faveat,
1183 2644 1243 2705 hoc

153 2759 256 2830 ipsum
270 2757 412 2832 iniquum
434 2762 479 2819 est
492 2760 671 2834 judicesque
686 2761 816 2835 impellit
829 2764 864 2819 ut
878 2762 1014 2835 equitati
1028 2763 1134 2822 minus
1148 2777 1245 2836 quam

153 2879 258 2950 gratiae
272 2879 454 2939 consulant?
471 2883 539 2953 lpse
553 2884 692 2939 Baeonus
706 2881 811 2939 laudat
825 2883 855 2938 et
871 2880 992 2939 consilii
1006 2881 1081 2952 regii
1097 2882 1243 2942 dominos

155 2999 185 3054 et
206 3010 307 3068 regem
325 2997 428 3071 ipsum
448 2998 532 3070 quod
551 3012 615 3057 non
633 2999 876 3071 immisceantur,
890 3001 925 3056 ut
940 2997 1006 3057 lieri
1021 3000 1148 3059 solitum
1162 3004 1241 3074 erat,
1268 3051 1271 3056 .

154 3116 282 3190 privatis
298 3107 422 3192 causis,
448 3116 510 3174 nisi
535 3117 594 3174 illa
620 3131 690 3175 cum
714 3116 846 3190 puhlicis
871 3116 961 3176 rebus
983 3102 1147 3177 manifeste
1168 3119 1240 3193 jun-

155 3238 265 3306 gantur
283 3235 336 3309 (a).

156 3390 159 3394 ⁴
192 3361 293 3417 Unum
307 3360 337 3416 et
351 3359 481 3417 alterum
497 3360 672 3430 exemplum
689 3358 798 3430 avita,
814 3357 852 3416 ab
868 3356 1006 3430 epistolis
1019 3358 1117 3431 ipsius
1132 3359 1243 3418 Baenni

156 3478 296 3535 sumatur
319 3475 431 3549 officii,
455 3477 537 3549 quod
562 3477 607 3535 illi
633 3476 733 3535 visum
763 3477 808 3535 est
827 3475 941 3549 judicis
963 3490 1035 3547 erga
1057 3477 1239 3550 principem.

156 3596 231 3655 inde
245 3597 298 3670 qui
312 3597 427 3656 tuerint
441 3598 530 3656 istius
547 3598 693 3670 temporis
708 3608 810 3656 mores
825 3596 992 3670 apparebit.

193 4014 227 4075 tl)
246 4020 365 4067 unctione
377 4021 455 4082 Δῶρον
468 4056 475 4081 ,
489 4014 617 4081 Sdapais.

204 4100 231 4168 t)
248 4102 301 4157 The
314 4103 412 4168 charge
423 4104 527 4169 against
540 4104 573 4156 llr
586 4104 673 4158 Oliver
689 4108 715 4158 st
733 4106 815 4171 John,
834 4106 876 4160 ior
894 4104 1073 4169 scandalining
1085 4103 1138 4157 arrd
1151 4103 1243 4157 tradu-

157 4189 219 4255 cing
233 4190 261 4242 in
275 4190 321 4245 the
335 4191 445 4257 publici
462 4193 582 4246 sessions
600 4192 693 4248 letters
713 4199 773 4249 sent
790 4194 860 4250 from
876 4194 921 4249 the
936 4195 1012 4249 lords
1028 4192 1057 4248 oi
1072 4192 1118 4247 the
1136 4192 1244 4246 couneil

158 4280 284 4348 touching
299 4281 342 4335 the
354 4282 545 4338 benerolenre.
