2782 4868
495 407 497 410 ’
587 383 755 442 -15-

127 547 179 592 θθθ
195 547 266 593 vero
287 548 354 607 quse
369 534 455 593 nulla
468 536 592 594 externa
606 535 637 593 ui
656 534 769 598 sanciri
788 536 911 606 queant.
928 533 1055 602 Quodsi
1076 533 1212 596 civilium

126 657 229 728 legum
243 656 303 728 ipsi
322 655 473 715 conditori
488 655 574 715 cordi
596 657 642 712 est
658 654 801 715 virtutem
815 667 1001 727 propagare,
1024 668 1129 714 nonne
1142 655 1210 729 pni-

126 776 321 848 losopnieum
336 788 449 835 munus
463 773 522 833 sihi
543 787 697 833 assumere
711 775 842 850 videtur,
862 776 946 848 quod
963 775 1045 835 civili
1066 777 1214 850 potestate

127 896 274 969 perficere
291 897 381 957 velit?
409 899 486 966 Quot
510 897 540 955 et
563 898 678 968 quanta
701 897 784 955 mala
807 896 880 955 inde
900 897 975 955 oriri
999 897 1118 957 soleant
1138 897 1213 956 satis

128 1019 258 1078 constat.
275 1021 309 1077 ln
325 1017 444 1078 civitate
465 1017 549 1078 Plato
564 1017 682 1077 nullam
696 1018 760 1077 vim
776 1031 841 1076 esse
854 1017 985 1091 patitur,
1005 1017 1066 1077 nisi
1079 1017 1181 1090 legum
1196 1031 1214 1078 a

127 1138 312 1211 philosopho
330 1139 543 1223 conditarum:
569 1138 632 1197 vim
647 1152 728 1212 eam,
755 1153 847 1212 quam
860 1140 956 1198 homo
980 1139 1110 1212 quisque
1133 1140 1166 1198 in
1182 1152 1215 1197 se

128 1256 233 1330 hahet,
245 1257 334 1317 tollit.
349 1258 455 1317 Nescio
467 1271 507 1318 an
526 1271 598 1318 vera
609 1259 684 1330 legis
695 1262 806 1319 natura
820 1274 890 1319 eum
905 1258 1061 1335 fefellerit,
1078 1260 1131 1332 qui
1148 1272 1215 1318 eam

128 1373 207 1435 nihil
220 1374 304 1433 alind
313 1376 423 1447 pretor
436 1375 674 1434 instrumentum
684 1377 805 1435 virtutis
819 1377 1021 1436 contenderit.
1034 1380 1080 1436 'Ea
1091 1377 1214 1450 quidem

129 1511 196 1556 non
211 1496 354 1555 avirtute
367 1495 532 1555 abhorreat
542 1509 666 1555 neeesse
682 1499 743 1569 est3
760 1497 835 1569 quin
846 1497 929 1556 abea
946 1519 956 1548 r
973 1498 1112 1569 generari
1126 1497 1218 1556 virtu-

129 1620 189 1672 tem
204 1613 237 1672 in
248 1613 379 1673 subditis
401 1637 411 1665 o
426 1613 469 1688 (l)
487 1616 572 1687 optat
587 1617 692 1675 noster
712 1618 741 1676 et
755 1617 835 1674 inter
851 1616 1015 1687 dignitates
1027 1617 1092 1688 ejus
1106 1617 1213 1689 ponit,

129 1752 193 1796 non
207 1740 309 1797 autem
323 1738 414 1797 unice
434 1740 643 1811 querendum.

165 1859 279 1920 Tullius
304 1862 405 1920 autem
437 1881 449 1911 θ
475 1861 574 1932 legem
599 1874 664 1920 esse
680 1860 830 1919 rationem
846 1837 1013 1936 summam,
1034 1858 1159 1918 insitam
1182 1859 1214 1916 in

131 2000 143 2028 r
166 1981 357 2052 naturaque
373 1979 461 2052 jubet
476 1993 512 2038 ea
531 1994 598 2054 qua
623 1979 765 2041 iacienda
780 1980 853 2039 sunt
869 1979 1072 2052 prohibetque
1094 1978 1214 2038 contra·

130 2118 145 2147 «
165 2099 227 2172 ria,
250 2099 389 2172 eamdem
410 2098 582 2172 rationem,
604 2112 699 2171 quum
717 2099 768 2167 est
782 2098 815 2156 in
834 2098 970 2157 hominis
984 2101 1086 2157 mente
1105 2097 1215 2157 confir·

132 2240 144 2269 «
165 2222 248 2278 mata
277 2223 305 2277 et
334 2220 488 2293 confecta,
514 2220 610 2290 legem
635 2233 701 2278 esse
723 2205 734 2269 n
767 2219 899 2278 declarat
920 2217 971 2290 (n).
997 2218 1050 2277 cui
1074 2218 1216 2278 assentiri

129 2339 218 2398 facile
233 2341 288 2399 est.
306 2342 373 2399 Non
389 2341 491 2400 tamen
510 2353 605 2413 quare
621 2354 656 2399 ea
674 2342 707 2398 in
726 2339 862 2399 hominis
880 2341 982 2398 mente
1003 2336 1217 2397 confirmanda

130 2461 159 2515 ei
174 2456 365 2516 conficienda
380 2457 420 2516 sit
430 2458 528 2517 docet.
540 2460 581 2515 lle
594 2458 659 2528 lege
668 2457 736 2528 ipsa
746 2457 887 2515 disserit:
903 2455 1024 2514 homini
1039 2457 1140 2515 auteur
1150 2467 1216 2512 esse

129 2577 306 2650 cupidinem
329 2578 485 2651 quandam
510 2579 558 2636 vel
582 2576 684 2650 potius
712 2578 924 2636 necessitatem
951 2576 1030 2648 juris
1062 2575 1216 2635 statuendi

130 2713 235 2758 nonne
249 2700 556 2759 animadvertendum
572 2703 640 2760 est?
665 2700 694 2760 Si
709 2701 758 2759 lex
777 2699 990 2760 tantummodo
1004 2697 1081 2757 ratio
1096 2710 1217 2756 summa

130 2819 186 2892 sit,
207 2833 314 2878 omnes
330 2820 453 2893 quidem
469 2821 611 2881 homines
628 2821 755 2880 confuse
770 2833 837 2879 eam
853 2820 981 2892 sentire,
1007 2819 1110 2891 inviti,
1126 2817 1216 2876 inscii

129 2941 298 3002 identidem
324 2943 484 3013 cogantur,
507 2942 612 3014 paucis
636 2954 708 3000 vero
729 2940 921 3013 philosophis
942 2953 1010 2999 eam
1034 2939 1163 2998 tractare
1187 2940 1217 2996 et

131 3064 299 3137 explicare,
326 3064 352 3122 ei
377 3076 484 3136 parere
508 3062 676 3133 contingat.
703 3062 804 3135 legis,
835 3063 870 3120 ut
893 3063 936 3141 ita
961 3062 1080 3137 dicam,
1105 3074 1214 3133 merae,

132 3181 266 3254 celestis,
284 3180 506 3253 philosophicas
522 3183 663 3239 uatrrram
675 3179 843 3239 ostenderit
857 3179 985 3253 lirllius3
1006 3179 1122 3238 aliaest
1140 3179 1216 3250 legis

132 3299 274 3358 humana
285 3305 409 3375 natura,
422 3313 514 3373 quam
530 3300 649 3372 quaesiit
663 3299 762 3369 Plato,
779 3312 847 3374 nec,
861 3301 895 3360 ut
910 3313 992 3372 reor,
1009 3299 1137 3359 invenit.
1149 3301 1215 3357 Non

132 3419 239 3475 tamen
263 3416 428 3490 rejicienda
447 3421 494 3494 est
514 3417 601 3476 Tullii
622 3396 777 3490 definitio,
798 3431 907 3490 quum,
931 3417 958 3476 si
979 3415 1215 3477 fundamentum

131 3537 206 3606 legis
221 3530 257 3595 'ea
279 3551 343 3596 non
359 3539 491 3612 aperiat,
516 3538 653 3611 ejusdem
675 3539 830 3608 ingentem
847 3539 1013 3610 quamdam
1036 3536 1215 3607 dignitatem

64 3685 66 3689 >
132 3656 265 3729 indicet,
282 3659 395 3717 scilieet
410 3660 444 3716 ut
459 3659 571 3716 rationi
587 3671 715 3716 summe
731 3657 903 3730 congruat(
926 3658 947 3732 ).

167 4071 201 4133 tl)
220 4071 255 4124 lle
270 4071 333 4134 lug.
351 4083 388 4123 sc.
402 4069 449 4123 lib.
463 4084 511 4123 rrrr
523 4112 528 4137 ,
541 4084 597 4137 cap.
615 4084 655 4122 ιιι.
671 4100 703 4107 -
719 4071 754 4123 lle
765 4070 838 4122 loni.
853 4065 937 4133 iuris,
954 4075 1001 4115 vn,

167 4163 196 4224 rit
216 4163 252 4216 lie
268 4161 382 4228 legibus
394 4202 399 4226 ‚
413 4178 438 4226 r,
454 4167 478 4215 6.

167 4258 196 4320 tl)
218 4255 271 4311 Lex
292 4257 362 4313 bona
383 4260 488 4312 censeri
509 4257 668 4324 possitquae
688 4257 755 4309 sit...
776 4256 909 4321 praecepto
929 4254 1031 4319 iusta...
1054 4271 1064 4299 o
1090 4252 1124 4305 llo
1147 4250 1210 4314 lug.
1288 4276 1289 4280 =

132 4359 169 4401 sc.
184 4361 244 4416 vrrr,
259 4351 281 4402 3.
293 4381 324 4388 -
336 4351 371 4402 llo
383 4350 454 4405 lent,
466 4350 549 4416 juris,
564 4362 612 4401 rrr.
630 4379 657 4388 κ
672 4348 726 4402 lid.
740 4347 817 4400 inira.
