2782 4868
591 328 781 389 -tis-

141 485 291 558 exempta,
309 483 334 541 si
353 496 419 555 que
435 481 508 541 inde
524 482 665 554 veniant,
682 482 877 542 defendenda
892 486 978 559 sunt,
994 486 1111 547 nedum
1127 490 1242 550 defen·

141 608 228 666 dant.

178 747 190 777 a
210 737 298 784 xxiii.
322 727 356 781 in
372 722 518 794 exemptis
532 721 702 781 recentiora
720 722 864 782 habenda
884 727 959 783 sunt
976 739 1034 798 pro
1054 729 1238 792 tutioribus.

141 868 152 897 ι
173 846 259 915 Quod
272 845 356 902 enim
372 842 464 916 paulo
479 844 550 902 ante
566 843 757 918 factumest,
774 844 857 933 unde
873 846 995 905 nutium
1009 849 1049 907 sit
1063 856 1238 924 sequutum

140 966 406 1027 «incommodum
419 1010 427 1038 ,
440 932 562 1038 'quidni
585 965 697 1023 itemm
721 967 898 1038 spectatur?
922 990 935 1021 ι
960 970 1015 1029 liic
1035 984 1149 1043 parum
1174 977 1237 1036 sibi

136 1088 311 1148 constitisse
324 1090 463 1145 baconus
477 1085 555 1145 mihi
572 1086 702 1160 videtur,
720 1087 773 1159 qui
790 1087 886 1145 dixit:
906 1110 917 1140 o
935 1089 992 1148 sed
1008 1093 1110 1151 tamen
1125 1095 1236 1155 minus

138 1230 151 1261 a
172 1208 287 1267 habent
302 1207 492 1266 auctoritatis
508 1207 654 1265 recentia.
670 1210 705 1264 iit
719 1207 745 1266 si
759 1208 838 1266 torte
858 1222 907 1268 res
928 1210 962 1268 in
979 1214 1092 1272 meiius
1109 1216 1234 1277 restitui
1277 1275 1279 1278 ,

138 1350 150 1378 «ι
172 1340 251 1399 opus
282 1326 342 1397 sit,
370 1325 505 1383 recentia
533 1325 673 1396 exempla
695 1325 794 1396 magis
817 1328 964 1387 seculum
987 1342 1079 1388 suum
1103 1332 1234 1406 sapiunt

138 1470 150 1498 ι
171 1459 265 1520 quam
283 1446 397 1504 certam
415 1445 578 1504 rationem.
597 1467 608 1496 o
627 1445 704 1514 Quid
724 1446 837 1517 igitur?
851 1448 1108 1521 Distinguendum
1123 1473 1133 1510 ε
1150 1455 1235 1515 inter

135 1568 288 1642 exempla,
305 1571 451 1640 tanquam
465 1567 547 1626 inter
560 1568 663 1640 leges,
688 1580 759 1639 pars
774 1562 962 1642 ademptis,
983 1584 1055 1644 pars
1064 1572 1106 1631 ad
1119 1586 1231 1649 perpe-

134 1691 221 1747 tuum
243 1686 369 1747 condita
390 1689 445 1744 est.
466 1685 553 1755 Quod
572 1685 611 1744 ad
634 1685 720 1745 illam
741 1687 868 1757 attinet,
889 1691 973 1747 tuam
988 1691 1127 1765 {atatem3
1144 1697 1231 1768 quod

134 1809 285 1881 adhunc,
300 1808 435 1881 priorem
452 1805 624 1865 considera.

171 1947 183 1976 ι
203 1938 286 1984 xxiv.
302 1926 337 1982 At
350 1923 518 1983 vetustiora
525 1923 664 1995 exempla
677 1926 799 1983 cauteet
814 1940 886 1985 cum
896 1927 1015 1988 delectu
1026 1931 1226 2004 recipienda:

135 2029 316 2106 «decursus
346 2043 499 2117 siquidem
526 2043 623 2101 atatis
652 2045 750 2103 muita
777 2048 895 2124 mutat,
923 2048 958 2105 ut
979 2049 1063 2122 quod
1088 2051 1231 2126 tempore

137 2160 308 2222 ivideatur
333 2158 513 2232 antiquum,
540 2159 572 2216 id
600 2159 830 2230 perturbatione
855 2162 885 2219 et
907 2162 1162 2226 inconiormitete
1188 2170 1230 2228 ad

136 2281 331 2357 ·praesentia
360 2279 399 2336 sit
414 2279 506 2351 piane
528 2291 655 2338 novum.
681 2278 769 2338 Medii
794 2269 897 2352 itaque
920 2275 1069 2355 temporis
1082 2288 1226 2361 exempla

134 2398 242 2456 esunt
265 2396 400 2470 optima,
424 2396 475 2456 vel
500 2394 591 2455 etiam
618 2395 687 2453 talis
712 2396 858 2469 temporis
884 2399 1063 2470 quodcum
1086 2402 1230 2476 tempore

83 2528 87 2536 ’
136 2538 148 2566 r
168 2518 309 2574 currente
324 2514 491 2585 plurimum
507 2512 671 2571 conveniat
683 2531 691 2569 ε
703 2513 786 2585 quod
802 2514 968 2587 aliquando
983 2521 1109 2589 prestat
1123 2534 1228 2581 remo·

133 2655 148 2690 u
169 2636 247 2709 tius,
262 2633 362 2704 magis
376 2646 469 2705 quam
483 2633 516 2689 in
533 2633 684 2705 proximo.
702 2655 715 2680 »ι
1137 2710 1140 2716 Α

170 2779 183 2812 α
202 2768 276 2817 xxx.
293 2754 472 2827 Exemplum
487 2754 570 2826 quod
585 2754 657 2813 atas
667 2758 925 2829 contemporanea
940 2759 992 2815 aut
1003 2758 1145 2830 proxima
1161 2775 1228 2832 ress

136 2902 149 2933 ι
167 2880 243 2953 puit,
259 2890 354 2951 quum
371 2888 459 2934 casus
480 2873 612 2932 subinde
626 2876 807 2949 recurreret,
818 2888 882 2933 non
893 2875 982 2935 facile
997 2876 1230 2945 admittendum

134 3008 157 3053 ι·
169 2998 224 3057 est.
236 2980 337 3069 Neque
348 2994 432 3052 enim
443 2995 562 3052 tantum
573 3006 629 3064 pro
641 2993 694 3051 illo
702 2992 776 3051 facit
786 2992 869 3064 quod
879 2993 1023 3052 homines
1032 2995 1111 3054 iliud
1128 3013 1228 3072 quan-

127 3127 145 3176 ἰ
165 3122 265 3194 doque
275 3116 478 3189 usurparunt,
490 3128 583 3188 quam
597 3115 704 3174 contra
723 3113 806 3186 quod
814 3113 928 3186 experti
940 3114 1140 3187 reliquerunt.
1165 3140 1178 3169 2

166 3243 233 3299 Non
249 3239 349 3297 autem
363 3235 468 3296 omnia
479 3237 551 3293 sunt
560 3233 713 3293 audienda
724 3245 790 3306 quae
802 3233 932 3305 exempli
943 3234 1124 3305 dignitatem
1134 3230 1228 3297 usu'r·

131 3371 204 3432 pare
219 3357 370 3415 conantur
385 3375 394 3412 ι
412 3377 423 3401 «
442 3366 512 3412 xxv.
528 3350 697 3409 intrafines
712 3351 841 3424 exempli
855 3352 906 3411 uel
918 3352 994 3410 citra
1007 3354 1110 3426 potius
1125 3370 1159 3415 ss
1173 3373 1229 3418 co·

135 3505 149 3533 e
167 3479 270 3539 hibeto
300 3483 356 3534 neo
381 3474 451 3532 iilos
470 3471 534 3530 uilo
562 3466 656 3529 modo
681 3471 826 3531 excedito.
854 3472 910 3530 Ubi
931 3473 1014 3531 enim
1042 3488 1107 3533 non
1136 3477 1229 3539 adest

133 3620 146 3653 r
166 3610 277 3657 norma
288 3595 374 3666 tegis,
394 3593 500 3652 omnia
514 3565 601 3664 quasi
616 3604 671 3664 pro
682 3592 831 3665 suspectis
845 3591 988 3651 habenda
1004 3595 1091 3666 sunt3
1106 3594 1227 3675 itaque,

134 3742 148 3771 ι
166 3719 201 3775 ut
211 3716 244 3774 in
254 3714 406 3783 obscuris
421 3712 585 3770 minimum
596 3711 762 3784 sequitor.·
777 3714 843 3770 Non
859 3712 946 3769 aliter
963 3726 1072 3785 supra:
1088 3717 1227 3776 ocense-

130 3855 147 3896 o
166 3836 297 3909 quentiae
313 3848 377 3891 non
394 3834 439 3890 est
449 3831 677 3903 consequentia.
696 3853 707 3882 o
725 3831 815 3890 iiulio
836 3831 934 3902 magis
949 3832 1076 3891 uitanda
1090 3797 1228 3909 exempli

130 3954 357 4028 consequentia.
384 3952 561 4024 Exemplum
587 3952 669 4009 enim
694 3952 853 4024 plerasque
877 3952 996 4010 menies
1025 3951 1124 4023 magis
1152 3968 1225 4027 per-

132 4076 254 4147 stringit
268 4087 360 4148 quam
371 4073 607 4147 consequentia,
624 4074 708 4145 quod
722 4077 750 4132 ei
761 4074 800 4132 ad
810 4075 915 4143 oeulos
927 4060 1002 4133 etad
1013 4087 1102 4145 aures
1115 4076 1225 4136 venit:

128 4210 305 4271 quanquam
322 4195 399 4267 juris
416 4193 637 4254 dubitationem
659 4193 799 4267 includit,
820 4193 899 4252 nihii
918 4193 998 4255 facto
1018 4194 1129 4254 certius
1155 4208 1226 4255 esse

129 4316 218 4374 multi
228 4316 378 4386 reputant.
