2782 4868
617 367 786 429 45..

154 543 169 573 e
189 521 388 593 temperem,
410 521 442 579 in
462 519 552 580 rebus
573 521 706 594 puhlicis
726 522 890 597 estjustus
909 525 1008 582 metus
1029 525 1082 599 qui
1108 527 1189 586 osuit
1209 529 1242 587 in

157 667 169 692 ·
191 643 385 703 eonstuntem
410 642 567 714 senatum,
591 656 656 701 non
678 646 778 702 metus
797 644 922 717 quinam
944 658 980 704 en
996 645 1116 713 invidia
1135 653 1165 707 et
1184 648 1244 709 leui

154 783 168 813 e
190 761 295 835 aliquo
315 760 426 820 timore
437 761 551 832 natus,
574 759 628 820 sed
643 773 680 818 ex
701 759 883 820 imminente
900 762 1036 835 pertoulo
1049 763 1135 837 tlt.»
1159 767 1246 825 lleutl

151 897 244 944 senus
263 882 374 944 l'enelo
394 890 488 954 regna
509 882 590 941 inter
608 895 642 940 se
661 880 878 954 comengenda
891 883 1051 958 ¹neelami,
1067 887 1097 944 et
1110 886 1197 959 quusi
1211 888 1246 946 in

150 1004 332 1064 sociotatem
347 1005 497 1075 ventura,
515 1000 555 1062 eti
571 1003 751 1063 seinvicem
774 1002 908 1078 tuenda,
924 1005 951 1062 si
966 1005 1034 1079 quis
1047 1006 1125 1065 forte
1139 1021 1192 1066 rex
1207 1009 1247 1067 etl

153 1127 253 1184 toturn
271 1123 379 1184 orbem
397 1125 548 1182 tetrarum
569 1122 760 1182 domandum
780 1123 944 1182 manifeste
961 1125 1074 1198 aspiret
1087 1125 1142 1199 (il.
1161 1127 1247 1196 Quod

151 1241 239 1300 enim
250 1239 337 1300 ‘solet
355 1239 420 1299 fieri
431 1239 667 1313 providendum
686 1241 749 1312 est;
767 1253 897 1313 queque
916 1252 991 1310 gens
1011 1243 1112 1300 autem
1132 1243 1248 1301 eeteros

150 1373 300 1433 superare
327 1361 479 1420 conatur:
503 1374 543 1419 ne
563 1360 624 1420 elia
644 1360 678 1418 in
701 1360 834 1421 nimium
858 1363 975 1420 oresoet
1001 1374 1107 1421 severe
1131 1362 1249 1433 cogitur

150 1493 218 1540 sue
230 1481 341 1540 salutm
356 1481 537 1540 oenseliou
553 1481 598 1539 est
612 1480 689 1539 illud
700 1493 824 1555 nocere,
838 1482 870 1540 et
884 1481 1029 1554 seipsum
1041 1483 1217 1555 ceterosque
1231 1497 1250 1543 a

149 1603 308 1663 servitude
323 1604 498 1663 defendere.
513 1607 581 1663 Non
596 1604 679 1664 enim
694 1605 812 1678 regnis,
827 1608 862 1663 ut
876 1605 1022 1678 privetis,
1038 1607 1121 1677 leges
1135 1608 1251 1666 suntet

151 1724 351 1797 magistratus
367 1725 421 1799 qui
436 1725 567 1784 divitum
581 1723 713 1796 injurias
727 1723 922 1798 prohibeant.
939 1725 1043 1798 igitur,
1050 1725 1172 1784 etiarnsi
1181 1724 1249 1783 Phi-

152 1841 257 1914 lienus
264 1841 367 1915 lljure
374 1841 491 1914 optimo
500 1840 616 1913 anglie
622 1854 751 1913 regnum
759 1841 1065 1916 affectasset,meliori
1069 1842 1138 1916 jure
1145 1845 1250 1904 cetere

151 1962 277 2035 gentes,
293 1961 423 2034 scriptas
437 1961 518 2033 leges
536 1961 601 2032 lege
616 1947 749 2020 naturali
768 1961 929 2036 vincente,
945 1962 1021 2035 qum
1037 1962 1114 2021 illud
1130 1977 1251 2036 quoque

151 2081 215 2140 sihi
234 2084 356 2154 pareret
375 2081 539 2155 prohibere
553 2084 728 2155 potuerant.
743 2082 824 2152 Quid
841 2083 1045 2155 veroejustus
1059 2087 1160 2142 metus
1175 2095 1251 2142 uum

151 2201 291 2272 legitima
306 2214 398 2261 eausa
411 2210 479 2260 esse
494 2202 594 2274 potest
606 2214 662 2259 our
676 2200 842 2274 potentiori
860 2200 976 2260 bellum
986 2203 1066 2261 ultro
1085 2202 1251 2261 inferatur?

152 2321 217 2378 lieo
237 2319 447 2392 sepedictum
470 2319 563 2378 refert
577 2323 715 2380 Baoonus
734 2320 767 2378 in
783 2323 894 2379 lurcos
908 2320 983 2380 sotis
992 2320 1111 2392 justam
1126 2333 1250 2378 eausam

151 2452 223 2498 esse
236 2454 301 2500 uon
315 2439 418 2499 solum
433 2440 634 2513 religionem,
650 2440 704 2500 sed
728 2440 822 2499 etiem
843 2439 1013 2511 legitimum
1036 2441 1197 2512 timorem,
1214 2453 1249 2498 eo

152 2560 255 2632 magis
267 2561 352 2634 quod
365 2561 431 2632 lege
445 2561 593 2635 quadem,
607 2563 694 2622 nullo
709 2565 909 2636 provocante,
919 2563 1036 2622 bellum
1050 2562 1130 2622 ciere
1144 2576 1252 2636 prope·
1274 2621 1276 2625 ,

149 2681 262 2754 ganda
283 2681 356 2740 littei
370 2695 462 2742 cause
484 2683 523 2741 iis
541 2682 736 2755 permittitur.
765 2683 951 2756 iampridem
974 2687 1072 2742 Cesar
1096 2697 1115 2742 a
1135 2696 1169 2741 se
1182 2682 1249 2741 hel-

149 2804 218 2862 lum
239 2805 270 2862 et
285 2815 358 2863 enm
379 2803 521 2863 Helvetiis
541 2806 572 2862 et
593 2817 664 2862 eum
684 2803 841 2862 Germanis
866 2803 1058 2876 susceptum,
1082 2802 1145 2860 imo
1168 2803 1249 2860 ultra

150 2921 293 2980 Rhenum
308 2920 492 2980 translatum
505 2924 673 2994 memorat,
689 2921 761 2994 quie
775 2919 898 2979 indeed
909 2923 1062 2978 Romanas
1072 2918 1249 2992 provincias

149 3040 278 3114 aliquod
296 3040 462 3100 ffisonmm
480 3042 647 3101 ventumm
667 3054 734 3100 esse
753 3041 946 3103 intellexerat
967 3041 1019 3113 (3).
1048 3040 1156 3099 lenelo
1183 3040 1248 3113 ipse

149 3160 194 3219 etl
207 3160 322 3220 trellum
336 3161 418 3220 ultro
434 3161 596 3220 ferendum
610 3163 702 3234 negat
716 3161 840 3235 qudem
860 3161 962 3220 foedus
981 3173 1049 3218 esse
1062 3159 1244 3228 feriendum,

150 3280 214 3342 nisi
228 3281 442 3356 violatapaoe,
460 3282 585 3342 detenta
599 3284 658 3343 soli
672 3286 771 3358 perte,
786 3284 922 3342 ettamen
933 3285 963 3340 et
976 3283 1041 3356 ipse
1049 3280 1167 3355 iustum
1181 3293 1244 3339 me·

150 3407 219 3462 tum
228 3403 304 3462 setis
317 3416 384 3462 esse
398 3406 519 3477 oenset3
539 3405 566 3476 si
579 3404 761 3478 impugnare
776 3404 950 3464 defensioni
968 3404 1175 3464 necessarium
1190 3402 1243 3473 sit,

148 3523 245 3582 motio
265 3536 302 3582 ea
319 3524 385 3596 lege
403 3523 530 3583 ierietur
548 3523 668 3597 foedus,
682 3500 718 3582 ut
732 3524 844 3583 modus
860 3521 1003 3583 offeretur
1017 3521 1163 3595 imperio,
1179 3534 1243 3578 non

146 3640 274 3700 tollatur
290 3642 373 3700 istud
388 3640 441 3714 (tl.

183 3979 219 4044 tl)
238 3981 380 4034 Sermones
389 3979 485 4035 fideles
497 3996 503 4034 :
522 3994 586 4047 xlx,
598 3981 632 4036 de
643 3953 773 4050 Imperio,
784 3994 848 4048 nvi,
860 3983 894 4038 de
902 3983 1090 4038 vicissitudine
1101 3995 1202 4037 rerum,

184 4071 216 4135 ti)
236 4070 409 4138 supplement
434 4071 450 4124 t
472 4071 604 4127 l'exemen
628 4073 662 4129 de
688 4075 851 4129 conscience
880 4089 927 4128 sur
954 4075 995 4128 les
1022 4074 1130 4130 devoirs
1155 4076 1188 4129 de
1215 4074 1240 4127 le

147 4162 284 4230 Repente,
301 4177 321 4215 1.

183 4255 214 4317 (3)
226 4253 379 4310 ¹comment.
393 4256 427 4311 de
439 4257 510 4312 llello
522 4257 618 4323 gallico
629 4298 635 4325 ,
649 4258 668 4312 l.
685 4272 711 4325 r,
730 4261 759 4314 io
772 4263 798 4316 et
811 4263 842 4315 it
852 4275 860 4325 ;
872 4260 920 4315 lib.
932 4273 971 4327 tv,
991 4261 1030 4315 le.

183 4346 217 4410 (l)
238 4344 297 4398 Loe.
310 4346 357 4399 rit.

1071 4439 1090 4494 6
