2782 4868
606 271 773 334 .-36-

146 456 157 485 a
179 432 301 493 sublata
323 428 460 499 civitate,
484 428 562 485 terra
576 426 741 498 omniaque
764 425 847 483 bona
866 422 932 495 ejus
953 435 1018 483 non
1038 421 1151 482 minus
1170 436 1236 485 om·

145 576 160 604 ι
180 554 267 613 nium
282 552 354 612 suut
367 547 544 609 communia
557 559 649 620 quam
671 559 724 605 aer
744 549 774 605 et
792 545 855 603 iux.
878 545 957 602 bcus
970 542 1120 603 omnibus
1134 543 1235 602 dixit:

148 673 308 729 «Creadte
331 675 359 726 et
383 665 633 740 multiplicamini
658 670 687 721 ct
710 663 830 738 implete
855 670 981 721 terram.
1007 662 1162 722 omnibus
1185 663 1239 723 (lat

147 789 357 849 uindistincte
376 798 502 845 omnem
521 784 649 844 herbam
675 797 742 857 qua
767 783 920 855 germinat
943 783 976 841 in
1003 784 1099 855 terra,
1126 795 1238 841 omnes

147 930 159 956 ι
180 906 274 965 silvas
292 918 359 979 quae
379 904 558 963 nascuntur.
580 901 754 961 secundum
775 901 934 974 antiquam
954 900 1040 961 illam
1059 900 1162 972 legem
1183 913 1237 989 na·

148 1047 160 1073 u
181 1026 274 1097 tura,
290 1022 408 1082 nemini
423 1024 469 1080 est
480 1022 532 1095 jus
546 1021 706 1094 proprium
719 1033 755 1079 ac
769 1019 925 1092 singulare
943 1020 977 1078 in
997 1019 1136 1092 abnuam
1155 1032 1237 1092 rem,

149 1162 161 1191 α
183 1139 288 1198 omnia
308 1138 449 1197 omnium
467 1139 541 1196 sunt
560 1134 614 1211 (t).
635 1158 648 1190 ι
669 1137 748 1206 Quid
768 1138 891 1196 autem?
916 1138 1007 1194 Esme
1025 1135 1090 1209 juri
1103 1135 1238 1196 naturali

146 1259 335 1320 contrarium
360 1258 494 1331 aliquem
518 1257 649 1330 alicujus
676 1257 720 1315 rei
748 1256 912 1317 dominum
937 1259 1027 1314 esse?
1048 1257 1119 1314 iton
1142 1256 1236 1331 iicet,

146 1377 288 1436 utilitatis
312 1388 423 1446 causa,
445 1374 496 1447 jus
514 1373 642 1446 labere,
668 1374 775 1433 omnia
798 1373 939 1432 omnium
963 1373 1143 1432 communia
1166 1373 1240 1447 sint,

147 1499 209 1558 nisi
226 1498 305 1558 torte
325 1496 436 1569 aliquus
460 1494 650 1554 demonstrat
663 1494 769 1554 labore
780 1494 899 1566 justum
913 1493 1032 1567 acquiri
1047 1492 1242 1570 dominium,

147 1630 252 1676 arcum
274 1613 412 1674 bominis
431 1625 497 1672 esse
520 1611 629 1672 debere
648 1613 701 1685 qui
722 1624 793 1671 cum
809 1612 897 1685 tecit,
912 1611 1017 1683 fruges
1030 1612 1173 1673 hominis
1189 1615 1243 1690 qui

149 1737 252 1796 solum
268 1734 372 1794 coluit.

184 1857 244 1913 Nec
259 1854 335 1912 satis
351 1873 358 1910 :
376 1852 628 1926 quandoquidem
646 1867 701 1927 per
718 1855 856 1916 laborem
873 1856 1047 1917 dominium
1062 1856 1245 1931 acquiritur,

149 1971 228 2033 illud
236 1984 302 2031 una
316 1985 387 2030 cum
401 1971 506 2030 labore
521 1973 586 2029 tum
600 1973 701 2048 nasci,
720 1975 786 2032 tum
808 1972 888 2032 mori
904 1973 1100 2032 contenditur
1114 1971 1171 2048 (2),
1186 1988 1246 2034 noc

151 2085 272 2145 homini
284 2085 331 2145 tas
347 2099 413 2144 csse
427 2085 619 2145 voluntatem
639 2087 721 2145 ultra
734 2089 866 2147 mortem
879 2101 1045 2161 prorogare
1061 2108 1070 2146 ι
1085 2090 1160 2149 inde
1174 2104 1246 2152 suc·

152 2202 307 2262 cessiones
320 2203 449 2262 omnino
462 2203 542 2276 juris
558 2203 656 2262 ciuilis
670 2217 736 2262 csse
751 2205 959 2278 consequitur.
973 2208 1081 2265 Nonne
1094 2206 1174 2266 illud
1185 2208 1247 2268 tuit

151 2325 367 2394 argumentum
392 2326 423 2382 ct
450 2323 652 2396 scriptoribus
677 2326 708 2383 et
736 2325 909 2384 oratoribus
933 2326 986 2399 qui
1016 2329 1248 2388 commonicare

154 2443 236 2500 inter
256 2456 366 2501 omnes
390 2444 474 2503 bona
494 2444 601 2503 omnia
628 2443 815 2504 voluerunt?
840 2444 1017 2504 bominium
1044 2447 1165 2520 auum,
1179 2445 1249 2519 fnisi

153 2560 271 2620 alienas
280 2560 413 2620 faciendi
427 2574 476 2619 res
485 2562 667 2634 potestatem
680 2561 826 2636 includit,
837 2563 1064 2625 usumfructum
1073 2580 1140 2626 csse
1150 2572 1247 2645 patet,

154 2692 212 2737 nec
227 2678 338 2751 aliquis
347 2678 689 2761 iritimamvoiuntatem
703 2682 807 2741 testari
821 2685 937 2759 potest,
953 2685 1015 2744 nisi
1029 2687 1114 2747 vivit.
1129 2689 1209 2757 Quid
1219 2691 1249 2749 si

155 2803 185 2858 et
197 2800 309 2859 natura
322 2801 353 2859 et
366 2801 541 2860 communis
554 2800 718 2861 bominum
733 2817 842 2863 sensus
853 2805 886 2862 in
901 2804 983 2864 idem
997 2820 1120 2881 quoquc
1134 2822 1248 2870 conve-

156 2917 266 2975 niunt?
282 2919 386 2992 itaque
400 2906 484 2991 apuu
500 2932 559 2978 nos
573 2933 637 2979 non
652 2923 723 2980 ante
737 2922 785 2979 lex
807 2923 845 2981 de
865 2926 1054 2984 testamentis
1069 2929 1247 3004 cognocet,

157 3050 249 3111 quam
260 3036 329 3111 jure
344 3041 477 3099 naturali
491 3041 657 3114 unicuique
673 3042 836 3102 hominum
857 3047 1040 3106 testamenti
1064 3049 1197 3110 faciendi
1211 3053 1247 3111 ii-

156 3155 304 3217 bertatem
318 3159 413 3218 tuisse
428 3173 606 3220 concessam
622 3161 810 3222 declaratum
824 3163 878 3238 (3).

194 3275 283 3335 Nulla
292 3280 540 3341 esthamanalcx
554 3284 772 3354 quaomnibus
781 3286 815 3344 in
826 3287 1037 3361 casibusjusta
1047 3291 1104 3348 sit:
1121 3293 1248 3366 cajusta

159 3393 317 3470 habeatur,
336 3410 397 3470 q'ua
412 3399 498 3458 nulia
513 3400 726 3473 alienioribus
742 3404 774 3460 in
789 3406 910 3464 casibus
922 3407 1005 3479 justa
1020 3423 1086 3468 esse
1103 3416 1203 3484 queat.
1279 3398 1283 3404 ’

198 3859 232 3928 (i)
249 3860 379 3929 Politique
399 3860 467 3916 tirte
489 3863 537 3918 des
557 3868 800 3934 propias-paretes
817 3870 850 3925 de
868 3870 1132 3941 tueritne-sainte,
1154 3875 1202 3931 lir.
1225 3890 1247 3940 1,

164 3954 213 4005 art.
232 3965 277 4016 ru,
295 3955 321 4007 i·
336 3965 416 4020 prop.

198 4042 228 4105 (ti
247 4040 414 4109 blaciacos,
429 4047 449 4097 t.
466 4058 496 4110 ιι,
509 4059 567 4114 cap.
582 4062 601 4103 ι.
616 4078 650 4088 -
660 4048 802 4107 Mircbccc
814 4056 842 4109 in
854 4068 980 4124 suprema
993 4060 1124 4113 oratione.

165 4132 229 4277 deff)
248 4131 527 4293 Bigfot·Preameneu.
542 4171 573 4181 -
589 4139 774 4200 Pcc‘aeatotioc
793 4161 829 4199 co
848 4148 1094 4218 corps-Myislotif
1112 4156 1136 4205 et
1156 4151 1251 4220 eapost

197 4237 209 4277 s
220 4226 289 4279 moti
301 4242 322 4280 s.
