2782 4868
604 368 793 428 —ttt-

512 678 630 798 errtr
674 708 879 797 sererent.

548 1051 591 1104 De
604 1022 700 1120 officio
715 1045 840 1104 tudinis.

187 1345 228 1403 tte
241 1341 343 1404 officio
356 1326 470 1416 judicis
486 1342 552 1416 ipss
567 1343 600 1402 in
615 1357 679 1403 uno
694 1357 731 1403 ex
740 1340 927 1401 sermonibus
939 1339 1074 1416 fideiibrs
1087 1339 1131 1418 (11
1145 1343 1239 1404 disse·

148 1462 391 1522 ruitBacenus:
412 1463 635 1536 premerent,
657 1463 809 1537 quinquin
837 1462 914 1522 alias
936 1462 989 1522 iile
1014 1462 1122 1523 eadem
1145 1463 1184 1522 de
1207 1477 1241 1523 re

150 1580 273 1654 scripsit
282 1581 322 1641 ad
335 1580 419 1664 hune
435 1581 612 1642 referemus.
627 1585 696 1641 ttaee
709 1583 749 1641 sit
763 1582 856 1656 igitur
870 1582 979 1656 eapitis
997 1582 1133 1643 divisior
1153 1605 1164 1635 ιι
1177 1583 1242 1644 effi-

151 1722 166 1787 ι
185 1701 267 1760 cium
284 1701 398 1774 judicis
413 1701 595 1776 relationem
613 1702 725 1762 habere
745 1702 859 1775 possit,
881 1701 994 1775 partim
1014 1702 1054 1761 ad
1074 1703 1240 1776 litigantes,

152 1843 164 1872 ι
190 1791 302 1895 partim
317 1822 356 1883 ad
371 1823 547 1899 advocates,
562 1824 674 1898 partim
691 1825 731 1884 att
746 1824 863 1884 scribas
891 1825 921 1882 et
938 1822 1098 1883 ministres
1117 1822 1243 1896 justitie

152 1965 164 1993 ι
187 1943 308 2014 subtus,
323 1945 436 2017 partim
452 1945 492 2004 art
506 1945 677 2019 principem
694 1944 743 2005 vel
757 1947 870 2003 statum
881 1957 984 2017 supra.
1002 1966 1014 1994 s

187 2065 210 2122 1.
227 2074 375 2132 Quaeritis
386 2076 425 2122 sn
435 2075 549 2124 crusis
559 2076 599 2124 sn
610 2075 794 2124 nrnresnrss
805 2059 859 2137 (i).
873 2093 905 2103 -
915 2064 943 2119 1.
958 2063 1018 2120 rin
1028 2060 1119 2121 matis
1126 2059 1242 2134 optima

154 2200 167 2228 ιι
188 2178 324 2239 conditio
334 2181 382 2238 est
395 2180 496 2256 nelle3
512 2181 670 2254 proxima,
686 2193 751 2255 non
766 2192 858 2254 posse
872 2177 935 2260 (3),
956 2202 967 2232 ιι
984 2178 1241 2238 3111101111.Νυί-

150 2295 201 2354 lus
216 2295 310 2370 judex
330 2295 432 2358 efficio
451 2312 507 2358 suo
524 2298 604 2359 irene
619 2298 706 2370 fungi
720 2300 838 2373 potest,
854 2298 916 2356 nisi
931 2297 984 2370 qui
1000 2297 1066 2356 vult
1089 2297 1143 2355 iilo
1163 2295 1243 2355 hene

150 2411 257 2488 iungi,
275 2414 381 2489 idest,
397 2417 450 2490 qui
468 2417 587 2489 integer
602 2421 670 2476 est:
695 2420 794 2496 «Ante
808 2417 914 2476 emnia
932 2416 1090 2487 integritas
1101 2415 1242 2490 judicum

153 2552 167 2582 ι
189 2532 276 2605 quasi
284 2533 386 2606 portio
395 2537 441 2593 est
458 2535 625 2609 virtusque
635 2536 761 2610 propria
776 2556 784 2595 ι
801 2535 976 2593 Maledictus
990 2538 1031 2594 ric
1051 2535 1166 2609 (inquit
1179 2534 1240 2608 lex)

140 2655 168 2704 ἰ
189 2655 242 2726 qest
256 2658 416 2711 terminum
438 2662 525 2713 terre
546 2663 641 2715 moret
658 2660 830 2732 antiquum.
851 2659 928 2717 Sane
946 2657 999 2730 qui
1012 2656 1147 2729 lapidem
1162 2654 1240 2714 fines

154 2793 167 2824 ι
189 2771 426 2847 distinguentem
444 2778 638 2852 transponit,
666 2778 756 2853 eulpa
770 2792 835 2839 non
850 2780 945 2851 earet3
958 2791 1066 2839 verum
1076 2776 1172 2850 juder
1190 2776 1238 2834 in·

154 2913 168 2945 ι
185 2893 287 2966 justus
297 2893 348 2954 ille
363 2895 471 2968 estqui
484 2897 636 2970 precipue
648 2898 797 2957 termines
811 2898 973 2972 immutat,
989 2910 1084 2970 quum
1099 2896 1138 2955 de
1152 2895 1242 2954 terris

155 3031 169 3062 ι
190 3013 220 3069 et
234 3024 336 3076 rerum
349 3014 534 3086 proprietate
544 3014 685 3087 iniquam
698 3015 757 3075 fert
767 3015 961 3079 sententiam.
973 3017 1039 3073 Una
1048 3013 1244 3085 certeiniqua

84 3143 90 3151 ·
154 3153 170 3182 ι
190 3133 341 3192 sententia
348 3134 419 3207 plus
434 3138 643 3210 serraquae
654 3137 793 3210 exempla
801 3136 945 3210 plurima.
957 3138 1025 3195 itae
1035 3134 1118 3193 enim
1126 3132 1242 3192 rivulos

155 3272 169 3303 ιι
190 3253 309 3312 tantum
326 3253 485 3330 inficiunt,
506 3256 561 3316 illa
580 3257 683 3316 autern
708 3258 819 3316 tontes.
844 3259 890 3316 tta
914 3256 957 3315 ait
976 3255 1120 3314 salemon
1136 3274 1144 3312 r
1163 3257 1243 3312 Fors

154 3391 168 3423 ι
189 3371 328 3432 turbatas
338 3381 368 3431 et
381 3390 456 3431 serra
471 3383 614 3449 correpta
627 3381 672 3434 est
682 3380 789 3451 justus
801 3375 909 3433 radens
917 3378 951 3432 ire
964 3389 1057 3432 eausa
1069 3384 1127 3431 etta
1140 3387 1242 3430 eoram

153 3490 373 3552 radesrsario.
392 3514 404 3545 r
422 3496 490 3554 Non
512 3496 615 3555 autern
640 3496 758 3568 integer
782 3495 902 3568 estqui
925 3494 1088 3568 pecuniam
1111 3493 1242 3565 recusat,

151 3612 257 3684 gratiae
271 3627 345 3674 vero
361 3613 512 3675 obnoxius
527 3618 573 3675 est
590 3635 597 3673 :
617 3616 777 3676 uindicem
798 3616 884 3675 decet
899 3615 982 3675 viam
1004 3627 1111 3688 parare
1125 3612 1164 3672 ad
1175 3612 1240 3686 jus-

149 3707 167 3782 'r
188 3732 250 3791 tam
265 3733 466 3808 sententiam,
482 3735 604 3808 qualem
626 3739 704 3795 Deus
723 3711 826 3810 parat,
847 3732 944 3792 valles
961 3731 1139 3805 renitando,
1154 3727 1242 3788 eolles

204 4149 212 4199 1
242 4161 300 4201 tir.

189 4147 222 4302 {i}
243 4237 626 4314 ipsinsitseonirestrisntor.

86 4367 89 4372 -
192 4331 219 4395 13)
240 4331 322 4387 serm.
341 4333 385 4388 tt.
397 4347 436 4387 xr.
449 4364 480 4372 -
492 4331 739 4398 pe'nsgtstratttus
751 4334 776 4385 et
789 4329 963 4395 tignitatibus
976 4367 981 4390 ,
997 4329 1022 4379 i,
