2782 4868
603 186 770 245 ..74-

145 342 268 412 queunt.
285 341 319 397 ht
334 338 386 410 qni
401 338 443 396 ite
457 337 576 409 pellent
589 339 623 395 ut
638 337 750 397 civium
772 337 904 397 libertati
920 340 1095 413 perieulum
1111 344 1242 423 redient,
1278 316 1280 321 ,

143 474 248 520 nenne
271 459 396 518 eosdem
417 459 461 518 ita
486 459 601 532 pellere
616 460 651 517 ut
670 459 703 517 in
724 459 846 519 civitate
869 465 1068 537 remaneant,
1092 480 1155 527 nee
1179 470 1241 529 nisi

142 582 272 641 libentes
282 580 421 640 exsulent
431 579 643 640 confitendum
658 582 725 639 est?
745 580 831 651 Quod
843 581 870 641 si
885 582 1004 654 legibus
1017 583 1168 658 imperari
1182 589 1240 649 sihi

143 704 284 763 exsilium
298 703 470 776 patiantur,
487 717 552 763 non
567 716 716 775 magnum
731 703 770 762 ab
784 703 824 762 iis
837 704 1013 776 reipubliee
1027 706 1164 775 iniernrr
1177 710 1239 769 dis·

142 824 284 896 crimen,
310 824 506 889 veneratione
528 827 612 883 tante
631 824 737 897 petrlae
759 825 841 896 leges
868 826 1071 900 mstimtsque
1099 830 1235 903 implec-

142 943 289 1003 tentibus.
309 943 355 1003 hd
371 944 521 1016 populum
540 945 717 1017 veniemus,
736 957 830 1017 penes
849 958 940 1018 quern
962 946 1040 1011 situs
1055 946 1118 1007 tuit
1136 951 1236 1008 estre-

143 1063 276 1121 eismus:
293 1063 346 1136 qui
358 1076 449 1135 quem
459 1063 566 1122 exsilio
576 1064 778 1125 muletstnrus
792 1063 926 1129 sitheud
939 1076 1018 1136 egre
1031 1066 1235 1141 intelligitur:

143 1184 260 1244 scilieet
281 1197 349 1258 ees,
371 1198 503 1257 quorum
527 1186 629 1258 ipsum
648 1185 774 1257 tederet,
796 1186 860 1246 sive
878 1185 1075 1259 eptimetiunr
1096 1188 1238 1262 pertibus

144 1316 211 1361 sese
230 1303 425 1379 addixerint,
448 1304 513 1365 sive
538 1304 652 1377 ipsius,
676 1305 729 1364 sed
751 1304 922 1365 inhonore
942 1306 1113 1379 esseepud
1134 1307 1239 1381 ipsum

144 1423 310 1485 desierint:
340 1428 488 1501 utrosque
514 1429 617 1488 autem
641 1428 771 1487 minime
800 1427 976 1500 reipublice
1004 1440 1119 1489 neuere
1147 1442 1241 1503 pesse

144 1546 320 1607 confitearis
339 1562 465 1608 neeesse
489 1551 554 1622 est3
575 1550 633 1610 hos
654 1563 727 1611 vero
745 1549 958 1622 periculosos,
983 1549 1038 1622 qui
1052 1549 1173 1622 popule
1198 1550 1241 1611 ite

145 1669 208 1727 sint
230 1672 346 1744 accepti
370 1673 404 1729 ut
427 1671 506 1730 nihil
530 1684 596 1729 nen
615 1684 671 1742 per
695 1684 765 1729 eum
799 1669 898 1729 ierem
922 1669 1037 1742 queant
1060 1669 1240 1744 (pleresque

143 1792 227 1848 enirn
261 1795 410 1864 tyrannos
449 1806 485 1850 ex
528 1792 730 1866 popularibus
760 1793 857 1851 iactos
892 1805 958 1850 esse
997 1791 1064 1863 ipse
1100 1788 1239 1864 druse),

144 1921 239 1982 quos,
268 1909 303 1966 ut
333 1922 422 1984 reor,
448 1911 587 1969 exsulare
615 1923 776 1982 nunquam
800 1910 853 1968 ille
883 1908 1019 1982 jusserit.

181 2029 326 2088 preterea
355 2029 434 2087 nihil
466 2029 630 2100 excogitari
659 2031 759 2101 potest
793 2027 877 2100 qued
905 2027 1054 2101 maiorem
1089 2024 1241 2086 erunibus

145 2150 274 2210 incutiat
297 2151 458 2224 timerem
473 2165 549 2210 num
563 2151 632 2224 quis
643 2149 726 2209 enirn
742 2150 824 2207 tutus
839 2160 905 2206 esse
919 2146 1030 2220 petest,
1045 2158 1144 2218 quum
1155 2144 1242 2218 leges

144 2285 253 2331 omnes
270 2285 392 2331 servare
406 2284 516 2344 parum
535 2271 633 2328 tumm
647 2269 697 2342 sit,
713 2267 778 2340 sed,
793 2266 851 2326 suh
865 2263 1097 2325 falsantibus
1105 2263 1241 2339 publieoe

145 2392 257 2464 speeie,
272 2392 419 2450 inusitate
434 2395 464 2448 et
477 2390 637 2461 incognite
652 2389 785 2461 quedem
804 2400 899 2460 penna
917 2386 967 2446 vel
980 2383 1140 2445 letissime
1158 2384 1242 2447 luein

145 2513 259 2584 queant
275 2510 380 2570 efficii
400 2511 453 2569 llic
468 2512 514 2568 est
523 2511 625 2581 legum
638 2509 711 2568 finis
720 2508 894 2582 utpuhlteae
907 2507 1074 2568 consulent
1086 2506 1217 2567 utilitati
1232 2526 1240 2565 ε

144 2632 205 2691 hue
219 2631 393 2705 privilegia,
410 2631 496 2689 falsae
514 2630 614 2704 leges,
631 2629 780 2704 tendunt,
799 2633 834 2689 ut
853 2629 969 2703 populo
989 2641 1084 2702 quem
1102 2626 1241 2687 maxime

144 2752 300 2826 efficient3
330 2753 414 2812 bena
438 2754 572 2812 enimet
594 2753 765 2812 libertatem
789 2755 819 2811 et
846 2752 943 2812 uitam
968 2752 1003 2809 in
1027 2750 1147 2820 incerte
1171 2750 1242 2809 ess'e

145 2873 269 2942 eugenni.
285 2871 364 2941 Quid
378 2872 504 2944 prodest
518 2872 599 2943 leges
614 2875 804 2945 essecutus,
822 2884 862 2929 ne
877 2868 1062 2928 obscuritate
1071 2866 1241 2929 verberum

145 2981 306 3065 capiantur
320 2972 473 3066 subjecti?
492 2992 567 3066 quid
586 2993 649 3050 iere
664 2991 744 3050 nihil
757 2989 885 3049 arbitrie
901 2989 1016 3063 judicis
1035 2986 1185 3062 permitti,
1199 3002 1242 3047 ne

145 3111 215 3183 plus
229 3112 373 3173 hemines
384 3127 477 3186 quarn
493 3114 575 3185 leges
592 3114 625 3171 in
639 3113 761 3173 civitate
774 3112 921 3172 ineant?
934 3111 1039 3171 llellus
1054 3123 1129 3168 snne
1143 3121 1241 3181 quem

145 3230 337 3303 Aristoteles,
367 3232 600 3293 lleeehisuellus
628 3232 734 3290 dixit:
768 3255 781 3283 α
804 3237 840 3291 ln
860 3232 1017 3306 republica
1044 3230 1122 3289 bene
1146 3243 1240 3289 enus-

148 3371 159 3400 «
180 3350 283 3423 tituta,
321 3351 400 3410 nihil
424 3351 561 3411 eeeidere
593 3352 697 3425 debet,
735 3353 818 3425 qued
852 3352 969 3424 aliquid
1004 3348 1243 3409 extraordinarii
1354 3364 1357 3371 ·

146 3490 158 3517 l
180 3472 346 3542 reposcat:
371 3471 614 3531 extraordinaris
628 3473 711 3530 enim
739 3485 917 3545 quanquam
941 3472 974 3529 in
991 3473 1112 3543 tempus
1128 3467 1240 3528 viden·

147 3591 229 3647 «tur
262 3590 432 3665 prodesse,
459 3593 596 3665 exemplo
626 3595 728 3652 temen
758 3592 873 3651 eivitati
896 3604 979 3651 >vere
1003 3591 1119 3651 nocent
1147 3586 1203 3661 (l).
1228 3609 1240 3637 l

179 3712 229 3767 lll.
249 3723 378 3772 suerrus
397 3725 545 3774 crvtrlrts
564 3726 689 3775 nonnisi
710 3727 795 3775 divus
814 3727 886 3774 stus
905 3725 1032 3774 rennui.
1051 3708 1180 3780 -Quid
1203 3709 1243 3767 de

143 3834 303 3907 gentibus,
320 3837 348 3893 vi
366 3837 510 3911 subinde,
526 3838 579 3898 ilat
598 3854 690 3912 supra
716 3841 864 3916 diximuS,
880 3841 913 3898 in
933 3838 1044 3912 quihus
1066 3850 1105 3894 ne
1121 3834 1241 3908 ingiter

176 4177 208 4242 lt)
223 4177 354 4233 beliue.
369 4180 386 4233 l.
403 4195 424 4244 r,
437 4195 459 4235 e.
477 4186 517 4235 fit,
