2782 4868
605 391 794 452 -tsl—
878 433 880 438 -

158 569 170 599 ι
190 546 252 606 lide
269 544 420 615 insinuet,
436 544 600 616 postquam
609 543 704 618 ludex
715 545 753 604 de
768 558 800 604 re
819 547 1075 618 pronuntiaverit.
1090 555 1246 617 Econtra-

155 687 168 714 ι
188 664 234 723 rio
249 663 351 722 autem
368 660 462 734 judex
477 674 510 719 se
525 673 624 720 causa
642 660 752 720 mediae
773 664 803 720 et
816 662 993 724 nullatcnus
1012 673 1165 741 peroratae
1182 687 1246 734 non

155 805 166 834 ιι
186 782 309 855 ingruat
320 795 327 834 :
339 793 396 839 nec
407 779 512 838 clienti
520 779 715 838 occasionem
730 779 873 854 prebeat,
883 782 918 839 ut
931 782 1097 845 advocatos
1113 793 1247 851 suosxel

152 926 164 953 ι
185 901 383 977 probationes
397 899 573 972 adplenum
589 912 654 957 non
669 899 790 958 auditas
806 901 1047 972 conqueratur.-

184 1024 235 1081 lil.
250 1032 398 1090 Quaurun
413 1031 453 1077 su
468 1031 593 1079 scamas
610 1031 650 1077 nu
664 1031 840 1078 mursrxos.
858 1051 891 1062 -
910 1040 923 1070 τ
942 1020 1033 1079 sedes
1047 1021 1176 1095 Jusnue
1192 1040 1243 1085 xe-

152 1162 164 1192 ι
183 1139 241 1199 luti
258 1141 345 1199 locus
360 1139 485 1198 sanctus
501 1140 556 1214 est,
578 1138 631 1196 ubi
646 1142 710 1197 non
726 1137 846 1197 tantum
858 1140 945 1198 sedes
960 1141 1046 1215 ipsa,
1060 1143 1118 1201 sed
1133 1144 1243 1204 etsub-

151 1280 162 1310 ιι
183 1258 269 1317 sellia
290 1260 320 1316 et
339 1256 523 1330 precinctus
546 1252 628 1314 sedis
644 1255 791 1315 scandalo
813 1259 842 1315 et
864 1259 1046 1330 corruptelis
1060 1272 1173 1320 vacare
1195 1263 1244 1322 de-

153 1397 165 1426 u
185 1373 280 1444 beni(
302 1373 324 1446 l
343 1393 354 1424 o

187 1515 199 1544 ιι
220 1492 379 1553 curiarum
402 1490 525 1550 assecla
545 1490 632 1563 pravi
652 1493 726 1548 sunt
741 1492 889 1564 quntu0r3
910 1493 1010 1565 primo
1039 1496 1244 1557 seminatores

149 1635 161 1664 ι
181 1611 297 1687 litium,
318 1612 371 1685 qui
386 1611 486 1670 curias
504 1613 672 1669 tumescere
685 1609 821 1684 iaciunt,
843 1613 993 1684 populum
1009 1614 1180 1692 tabescere3
1197 1633 1243 1679 se·

149 1755 161 1785 ιι
181 1732 283 1793 cundo
298 1732 352 1806 qui
374 1731 474 1790 curias
495 1730 746 1789 contentionibus
772 1729 854 1789 circa
874 1731 1124 1804 jurisdictionem
1139 1737 1242 1812 impli-

149 1873 162 1902 «ι
182 1854 272 1924 caut,
290 1863 389 1922 neque
403 1862 475 1909 vere
485 1850 556 1906 sunt
575 1846 622 1920 (ut
635 1847 801 1922 habentur)
817 1851 907 1909 amici
923 1853 1032 1927 curiae,
1049 1855 1104 1914 sed
1114 1859 1244 1929 parasiti

150 1992 162 2022 ιι
183 1971 292 2044 curia,
309 1968 410 2028 curias
426 1966 566 2026 inflando
579 1967 662 2026 ultra
677 1969 843 2044 terminos,
858 1974 984 2044 propter
998 1974 1096 2033 micas
1112 1979 1144 2034 et
1158 1992 1243 2037 com-

150 2113 162 2143 ι
183 2091 296 2165 pendia
309 2089 451 2163 propria3
469 2088 574 2162 tertio,
591 2087 613 2145 ii
629 2089 681 2160 qui
699 2091 830 2160 possunt
845 2092 963 2150 censeri
979 2094 1128 2166 tanquam
1143 2099 1243 2158 curia-

150 2232 162 2262 ι
182 2223 252 2269 rum
266 2221 377 2268 manus
392 2208 524 2266 sinistra
542 2222 549 2260 :
569 2207 712 2265 homines
727 2208 780 2282 qui
794 2209 949 2268 curiarum
964 2224 1128 2284 processus
1142 2215 1240 2288 legiti-

150 2355 164 2383 «
182 2346 251 2391 mos
265 2328 454 2391 diverticulis
464 2330 493 2386 et
503 2327 645 2388 versutiis
660 2327 863 2402 distorquent,
871 2329 1083 2404 justitiamque
1093 2333 1126 2391 in
1141 2334 1242 2396 lineas

150 2475 162 2504 «ι
186 2452 326 2524 obliquas
341 2453 371 2508 et
390 2447 583 2522 labyrinthos
605 2448 744 2520 trahunt3
761 2450 885 2522 quarto,
906 2451 1088 2523 expilatores
1108 2456 1140 2513 et
1154 2469 1241 2516 exac-

148 2594 161 2620 ‹
178 2573 259 2630 tores
269 2568 441 2640 feodorum,
452 2566 506 2640 qui
516 2566 620 2624 tritam
635 2566 870 2626 similitudinem
884 2567 1069 2628 confirmant
1083 2573 1242 2635 curiarum

150 2712 162 2740 ιι
183 2689 223 2748 ad
244 2687 373 2760 rubum,
390 2699 465 2758 quo,
489 2684 564 2743 dum
583 2684 667 2759 ovis,
687 2687 898 2758 tempestatem
916 2687 1049 2764 fugiens,
1065 2703 1099 2748 se
1116 2695 1241 2770 recipit,

150 2831 161 2863 ιι
182 2809 303 2869 velleris
321 2809 439 2880 partem
460 2803 581 2864 amittit.
599 2806 709 2862 contra
733 2804 835 2863 scriba
854 2806 1015 2880 antiquus,
1035 2808 1069 2867 in
1092 2815 1243 2873 anteactis

151 2953 164 2982 ι
182 2931 336 2990 curiarum
346 2927 472 3000 peritus,
483 2926 517 2984 in
532 2926 608 2984 actis
621 2925 698 2999 ipsis
711 2926 924 2998 concipiendis
934 2929 1041 2987 cautus
1056 2930 1133 2989 etin
1144 2947 1239 3005 nego·

150 3072 162 3100 l
183 3050 233 3107 tiis
244 3048 335 3108 curie
346 3048 452 3120 solers,
470 3045 583 3116 digitus
598 3047 644 3104 est
658 3045 750 3104 curiae
767 3047 905 3119 egregius
917 3049 946 3106 et
966 3062 1046 3122 saepe
1060 3051 1159 3123 judici
1179 3054 1239 3127 ipsi

150 3195 162 3222 o
182 3172 265 3230 viam
274 3169 467 3229 monstrat.-

181 3294 259 3350 Num
279 3292 357 3348 recte
375 3288 517 3347 laudetur
537 3301 556 3346 a
575 3291 694 3345 Bacono
715 3286 812 3342 scribo
842 3290 986 3362 antiquus
1007 3291 1131 3351 nescio:
1148 3293 1238 3352 valde

146 3384 239 3470 timeo
253 3423 292 3467 ne
306 3409 406 3480 unice,
423 3408 495 3480 quia
510 3409 672 3480 antiquus,
692 3407 867 3493 laudandus
891 3422 957 3469 esse
978 3410 1064 3470 visus
1084 3413 1134 3470 sit.
1153 3415 1238 3471 Nun·

147 3544 239 3605 quam
253 3543 317 3588 non
332 3526 430 3601 questi
446 3528 519 3585 sunt
532 3525 685 3596 litigantes
701 3540 720 3584 a
737 3527 845 3585 scribis
860 3527 939 3587 trabi
954 3529 1022 3586 lites
1039 3532 1069 3588 et
1082 3531 1236 3592 exhauriri

146 3654 285 3712 fortunas
296 3662 367 3708 suas
384 3667 391 3705 ε
408 3647 521 3705 etenim
541 3648 604 3704 tam
624 3647 713 3705 facile
733 3649 779 3705 est
791 3648 866 3706 uiris
882 3648 984 3720 legum
1004 3650 1112 3722 peritis
1132 3652 1234 3726 rudes,

146 3773 235 3847 quasi
248 3770 430 3844 impeditos,
446 3770 476 3826 et
493 3768 623 3841 morari,
639 3769 668 3826 et
678 3769 810 3842 expilare
830 3772 865 3828 ut
879 3771 949 3830 illos
964 3757 1154 3832 abstinentes
1169 3788 1235 3833 esse

144 3894 207 3952 iere
227 3904 317 3950 nemo
337 3889 510 3948 arbitretur.
531 3890 598 3948 Non
616 3887 715 3962 enim,
741 3889 786 3947 uti
806 3888 943 3964 judices,
962 3904 1090 3950 munere
1110 3906 1167 3951 suo
1189 3893 1234 3950 illi

145 4024 249 4071 coram
259 4010 389 4084 populo,
405 4008 674 4081 supremojudice,
690 4009 778 4080 iungi
794 4012 926 4085 queunt3
938 4012 1094 4071 neminem
1105 4056 1113 4087 ,
1125 4015 1236 4084 praeter

178 4355 207 4417 xl)
225 4354 260 4406 be
274 4354 322 4406 ort.
338 4353 413 4418 jud,
427 4355 455 4405 5.
