2782 4868
603 373 643 384 —
668 342 724 403 idi
750 374 791 385 -

148 492 256 552 civitas
272 490 405 564 tingitur,
422 492 454 549 in
470 506 530 564 qua
545 493 631 553 nulle
646 495 686 552 sit
701 495 860 569 doctrina,
873 497 959 556 nulla
972 512 1057 572 spes,
1068 499 1122 560 sed
1132 503 1237 561 omnia

150 612 192 671 ad
215 611 389 674 barbariem
413 612 549 682 vergant.
580 615 658 673 Num
684 614 792 674 debeat
817 615 898 676 idem
925 616 975 690 jus
999 622 1028 677 et
1052 620 1185 684 condere
1209 627 1239 680 et

149 732 273 806 docere,
289 731 348 799 uhi
364 729 416 788 alii
436 730 514 790 iliud
533 731 698 804 praecipere
716 738 845 806 queant,
862 736 1063 807 quaerendum
1081 741 1137 797 est.
1159 740 1237 808 Quid

150 864 186 909 ea
208 849 246 908 de
269 863 302 907 re
324 848 478 909 censuerit
496 853 635 909 itaeonus
660 864 725 909 non
750 850 880 911 dubium
904 854 963 926 est,
986 867 1081 926 quum
1101 855 1153 913 ille
1173 870 1237 914 non

148 969 247 1031 modo
259 969 452 1040 legumlatori
466 968 641 1029 docendum
654 969 706 1041 J'us
721 969 896 1043 scripserit·
906 971 961 1030 sed
975 973 1050 1044 quot
1063 971 1134 1030 libri
1148 977 1236 1030 aoei-

149 1090 245 1149 iturea
259 1089 413 1151 scribendi
429 1089 509 1164 sint,
525 1089 636 1164 quihus
651 1089 689 1147 de
704 1088 810 1163 rebus,
825 1090 996 1163 exposuerit
1008 1110 1015 1148 :
1025 1091 1065 1151 ad
1075 1106 1153 1164 quos
1167 1105 1237 1149 mox

148 1209 319 1275 veniemus.
329 1210 468 1267 Attamen
484 1223 541 1268 nec
556 1208 666 1267 studiis
681 1222 737 1267 nec
754 1209 872 1280 legibus
886 1209 1032 1282 prodesse
1046 1213 1145 1282 potest
1155 1212 1239 1282 quod

150 1341 187 1385 eu
197 1327 399 1387 eodemfonte
410 1327 559 1385 oriantur.
575 1327 661 1395 Quod
673 1327 756 1386 enirn
767 1328 806 1385 ad
821 1328 923 1387 studia
937 1297 1059 1402 attinet,
1075 1329 1154 1388 nulli
1169 1329 1240 1387 licet

149 1444 220 1504 aliis
233 1445 365 1504 docendi
378 1445 429 1518 jus
444 1446 609 1520 denegare,
627 1445 688 1503 nisi
702 1447 754 1519 qui
770 1460 788 1504 a
802 1460 835 1504 se
845 1429 913 1519 ipso
922 1447 1125 1528 illud-optime
1135 1449 1239 1509 doceri

149 1568 310 1627 contendit
321 1586 329 1624 z
341 1568 487 1654 numquis
498 1568 540 1625 ita
551 1567 615 1626 suis
626 1568 742 1627 viribus
752 1567 897 1643 conlidit,
910 1570 944 1627 ut
959 1569 1116 1633 neminem
1130 1569 1240 1628 melius

149 1690 303 1748 iacturum
319 1703 411 1762 quam
427 1703 493 1747 sese
510 1690 650 1762 reputet?
665 1702 771 1747 nonne
785 1688 837 1761 qui
852 1689 934 1759 leges
947 1689 1054 1747 condit
1069 1689 1163 1748 homo
1179 1692 1238 1760 est,

150 1809 294 1868 hnmana
318 1808 504 1868 conditionis
529 1807 704 1880 particeps?
728 1807 773 1864 Ad
800 1806 833 1864 id
858 1807 987 1881 quisque
1012 1806 1151 1881 proficit,
1177 1820 1238 1878 quo

148 1927 249 1999 magis
263 1927 402 2001 proficiat
416 1926 504 1987 alius.
520 1930 593 1984 Jura
608 1925 716 1984 ferenti
733 1939 811 1997 opus
825 1928 871 1983 est
882 1927 917 1985 ut
927 1926 1123 1984 necessitates
1134 1939 1239 1984 rerum

149 2048 221 2107 ante
246 2047 351 2106 omnia
373 2046 509 2119 noverit,
540 2045 663 2103 docenti
688 2047 723 2102 ut
747 2049 891 2103 naturam
905 2058 1068 2118 moresque
1089 2045 1239 2118 Juvenum

150 2167 325 2239 compertos
348 2166 475 2238 habeat,
496 2165 542 2223 illi
561 2169 596 2222 ut
619 2165 726 2224 omnia
746 2165 785 2223 ad
803 2179 911 2238 usum,
927 2165 999 2223 huic
1018 2167 1053 2222 ut
1074 2165 1179 2223 omnia
1199 2166 1238 2222 ad

100 2363 102 2366 Α
150 2286 312 2345 scientiam
331 2285 450 2345 referat.
471 2285 557 2354 Quod
572 2299 693 2344 sensere
713 2285 897 2343 recentiores
919 2284 971 2356 qui
990 2285 1088 2355 legem
1110 2285 1240 2342 nonnisi

150 2404 310 2463 materiam
329 2403 568 2477 praeceptoribus
591 2416 658 2461 esse
677 2403 842 2462 voluerunt
864 2421 871 2458 ε
893 2403 1070 2474 improbant
1095 2404 1239 2460 nonnulli

151 2521 296 2598 Codicum
311 2521 425 2593 injure
444 2519 581 2577 docendo
596 2519 781 2578 servandum
795 2517 951 2588 ordinem,
963 2532 1073 2591 quum,
1085 2532 1239 2577 consensu

151 2640 309 2714 omnium,
330 2653 395 2698 non
410 2639 559 2711 juvenum
579 2653 672 2698 causa
698 2639 861 2712 compositi
888 2639 951 2714 sint
975 2643 1005 2698 et
1023 2640 1158 2699 ordinati
1184 2639 1237 2712 (t).

152 2763 299 2819 Praeterea
318 2774 354 2819 ea
373 2761 418 2818 est
437 2761 547 2818 natura
563 2759 643 2832 juris
664 2763 698 2817 ut
712 2759 848 2831 quotidie
863 2759 1002 2833 quidem,
1019 2773 1055 2816 ex
1067 2763 1153 2832 parte
1167 2773 1238 2819 vero

154 2885 274 2943 tanturn
293 2886 427 2941 mutetur
449 2901 455 2939 :
479 2882 560 2953 quod
582 2881 608 2938 si
630 2881 737 2939 eadem
758 2893 829 2952 pars
848 2881 881 2937 in
905 2878 1151 2938 institutionibus
1175 2894 1239 2937 non

152 3008 296 3079 mutetur,
314 3005 386 3062 inde
406 3003 440 3060 fit
459 3005 493 3062 ut
513 3002 723 3061 institutiones
740 3003 770 3060 et
786 3003 835 3060 lex
856 3002 935 3058 inter
950 3014 982 3059 se
997 3004 1150 3073 pugnent,
1168 3015 1239 3072 pars

154 3129 257 3184 autem
277 3125 356 3198 juris
382 3125 561 3198 praeeepiori
585 3124 785 3197 relinquatur,
810 3137 867 3181 nec
890 3123 959 3180 illos
986 3135 1105 3193 semper
1127 3122 1239 3179 mutari

154 3248 311 3322 patiuntur
326 3246 633 3320 rerumpublicarum
648 3245 854 3303 necessitates.
870 3245 955 3314 Quod
967 3243 1097 3316 adleges
1113 3248 1238 3318 spectat,

152 3367 322 3426 maximum
337 3368 383 3425 est
397 3365 566 3438 periculum
586 3378 625 3422 ne
644 3365 747 3436 aliqua
766 3364 847 3421 inter
866 3376 898 3421 se
913 3364 1056 3422 differant
1068 3364 1149 3435 leges
1165 3364 1239 3437 ipsae

153 3503 319 3562 earumque
336 3489 546 3549 institutiones
573 3508 579 3546 :
610 3502 705 3561 quum
729 3490 866 3561 utraque
883 3503 917 3546 ex
947 3487 1056 3546 eodem
1071 3490 1239 3562 emanent,

153 3626 259 3672 nonne
272 3611 339 3685 jnre'
355 3626 411 3671 suo
426 3611 566 3670 eamdem
577 3609 788 3668 auctoritatem
798 3609 942 3668 uidentur
952 3608 1110 3666 obtinere?
1121 3608 1238 3665 Timen-

154 3732 230 3789 dum
245 3744 365 3804 quoque
385 3744 423 3788 ne
440 3730 505 3802 jam
520 3743 554 3787 ex
569 3729 687 3799 legibus
702 3742 766 3786 non
783 3730 936 3800 repetatur
948 3728 1016 3800 jus,
1031 3726 1086 3784 sed
1103 3725 1240 3798 plerique

154 3851 229 3910 satis
256 3851 389 3910 habeant
419 3850 628 3908 institutiones
652 3848 808 3918 attingere.
835 3847 921 3917 Quod
943 3861 1036 3919 qnam
1061 3849 1150 3908 ualde
1173 3848 1239 3919 ipse

191 4217 224 4282 (it
248 4214 279 4267 ii.
308 4213 408 4276 dudot,
433 4213 563 4266 Premicrs
589 4213 677 4267 Essois
704 4214 736 4266 de
763 4213 933 4280 Philosophie
958 4214 994 4267 du
1008 4215 1098 4277 droit,
1126 4213 1237 4282 possim,

156 4311 181 4360 et
201 4305 330 4377 inprimis
353 4319 381 4370 p.
408 4308 451 4360 tii
474 4309 501 4358 et
522 4305 581 4358 in.
