2782 4868
605 377 647 393 ..
671 346 731 408 165
752 377 793 390 .-

507 655 629 781 αΑΡυτ
653 654 801 739 rutum
823 648 878 740 tu.

230 1029 232 1034 ,
309 971 353 1023 De
367 965 453 1022 tibris
465 964 670 1024 auxiliaribus
684 981 704 1021 a
719 963 818 1036 tepuere
834 960 930 1019 latore
944 962 1073 1033 seriptis.

183 1232 265 1300 Quos
278 1229 375 1289 libros
389 1228 559 1286 auxiliares
573 1228 675 1301 legum
691 1229 868 1289 scribendos
891 1243 974 1306 esse,
991 1244 1084 1304 quam
1101 1231 1172 1292 illos
1186 1246 1237 1293 va-

147 1326 212 1408 lere
225 1348 335 1408 debere
349 1352 487 1408 Baoonus
501 1349 654 1408 censuerit
666 1349 836 1409 videamus.

185 1472 208 1526 1.
225 1481 278 1538 om
291 1482 375 1529 uram
397 1481 560 1529 senisenni
582 1481 662 1529 smr.
679 1502 711 1511 -
728 1491 741 1519 κ
756 1484 861 1530 uuum.
880 1503 912 1513 -
928 1473 964 1530 At
988 1471 1148 1533 scientiam
1160 1473 1239 1545 iuris

151 1611 164 1641 ι
185 1592 215 1648 et
227 1587 392 1661 practicam
407 1585 605 1646 auxiliaribus
621 1587 708 1645 libris
722 1601 762 1646 ne
776 1588 930 1663 nudante,
940 1588 994 1647 sed
1008 1589 1110 1662 potius
1125 1590 1239 1651 instm-

153 1731 165 1761 i
184 1711 273 1768 unto.
284 1707 411 1767 liseria
422 1720 533 1778 genere
543 1707 634 1765 sunto
647 1726 654 1764 ι
667 1706 887 1782 institutiones,
899 1708 938 1766 de
947 1707 1111 1767 verborum
1122 1707 1239 1779 signiti-

154 1847 167 1877 ι
188 1823 320 1898 catione,
329 1823 370 1881 de
378 1821 587 1896 regulisjuris,
596 1821 1242 1895 enuqmtateslegnmsummaeagendifor-

153 1966 167 1996 r
187 1945 289 2003 mulae.
309 1965 321 1996 u
342 1947 376 2004 in
392 1943 522 2017 epistola
540 1941 580 2002 ed
599 1946 710 2015 Regem
729 1943 843 2016 scripta
860 1943 897 2003 de
921 1943 1104 2003 Britannicis
1123 1944 1242 2016 legibus

150 2076 250 2121 unum
259 2061 411 2134 incorpus
420 2059 968 2132 redigendis‚trestantumauxiliares
977 2060 1073 2120 libros
1082 2059 1242 2120 addendos

152 2181 230 2240 dixit
243 2182 359 2253 noster,
374 2164 497 2251 scilicet,
513 2182 723 2254 institutiones,
740 2180 776 2236 de
784 2178 910 2252 Repults
919 2184 1016 2253 juris,
1028 2181 1064 2236 de
1080 2179 1244 2236 Verborum

150 2299 421 2375 sipiificationibus,
432 2313 506 2359 sane
516 2313 566 2374 ne,
583 2299 676 2358 nimis
691 2299 930 2374 petendo‚,nibil
945 2299 1119 2372 impetraret
1133 2298 1188 2374 (it.

188 2423 232 2476 Dr
244 2417 492 2475 restitutionibus.
515 2437 527 2468 o
547 2429 640 2476 cxxx.
651 2416 845 2490 Praeparandi
862 2417 934 2474 sunt
945 2415 1073 2488 juvenes
1087 2417 1117 2482 et
1133 2415 1245 2475 novitii

156 2561 170 2590 e
190 2538 232 2598 ad
250 2536 410 2596 scientiam
429 2538 459 2596 et
473 2537 569 2594 ardua
580 2535 659 2608 juris
674 2535 765 2594 altius
781 2538 810 2593 et
824 2534 1016 2594 commodius
1031 2534 1201 2594 haurienda
1216 2537 1245 2592 et

155 2679 168 2709 ι
188 2655 368 2729 inhibenda,
383 2633 437 2726 per
452 2653 669 2713 institutiones.
686 2652 896 2712 institutiones
909 2653 980 2738 illas*
993 2652 1102 2713 ordine
1117 2654 1200 2712 claro
1214 2656 1244 2710 et

157 2775 350 2849 «perspicuo
375 2773 563 2847 componito.
583 2776 619 2830 ln
641 2773 702 2830 illis
721 2772 797 2845 ipsis
820 2772 998 2831 universum
1016 2771 1068 2845 jus
1092 2772 1245 2845 privatum

157 2915 171 2949 r
190 2894 370 2968 percurrite,
395 2907 459 2953 non
472 2893 533 2952 alia
542 2891 726 2965 omittendo,
740 2891 775 2948 in
785 2890 853 2948 aliis
864 2891 933 2962 plus
948 2890 1022 2948 satis
1036 2889 1244 2958 immorando,

158 3037 173 3066 α
194 3015 248 3074 sed
262 3028 299 3072 eu
313 3011 589 3085 singulisquaedam
603 3009 734 3070 breviter
746 3007 911 3067 delibando
925 3009 959 3067 ut
967 3008 1008 3068 ad
1020 3021 1131 3081 corpus
1144 3009 1247 3080 legum

158 3157 173 3191 c
192 3137 409 3210 perlegendum
424 3147 584 3195 accessum
594 3133 639 3192 nit
652 3146 685 3192 se
699 3131 842 3191 ostendat
850 3144 976 3203 prorsus
985 3143 1113 3203 novum,
1123 3128 1177 3188 sed
1186 3130 1246 3190 levi

160 3280 174 3308 α
192 3257 296 3330 abque
309 3256 435 3315 notione
450 3255 645 3328 preceptum.
659 3256 712 3310 tus
726 3251 884 3324 pubiicum
897 3250 931 3307 in
946 3247 1192 3308 institutionibus
1207 3261 1247 3306 ne

161 3376 351 3450 cattingit03
381 3389 487 3449 verum
520 3374 598 3433 illud
629 3388 665 3432 ex
695 3371 832 3431 fontibus
865 3369 940 3442 ipsis
967 3367 1125 3428 hauriatur
1151 3389 1163 3419 u
1194 3367 1248 3427 iiic

156 3498 283 3572 apparet
297 3499 447 3570 quantum
462 3497 566 3555 noster
579 3493 751 3554 iustiniano
768 3492 885 3550 debeat.
895 3489 985 3564 Cujus
1001 3490 1034 3547 in
1049 3486 1247 3548 institutioni-

158 3619 216 3678 bus
232 3631 289 3677 nee
302 3583 460 3690 attingitur
473 3617 524 3691 jus
538 3616 711 3691 publicum,
722 3629 779 3674 nec
797 3614 873 3673 ordo
889 3614 971 3672 idem
989 3612 1035 3670 est
1049 3613 1139 3682 atque
1151 3609 1185 3666 in
1199 3607 1247 3665 bi-

159 3736 262 3808 gestis.
276 3737 336 3798 Nos
358 3751 431 3797 vero
452 3751 491 3796 ne
512 3738 545 3795 in
560 3737 688 3809 Digestis
702 3735 826 3808 quidem
847 3747 958 3793 nocere
972 3743 1062 3805 posse
1078 3749 1091 3784 α
1108 3729 1248 3790 ordinem

201 4129 234 4193 (tt
252 4129 287 4182 be
300 4127 426 4182 Fontibus
436 4129 522 4197 juris,
535 4142 624 4183 cxxix
634 4130 662 4183 et
675 4141 734 4196 sqq.

201 4218 231 4282 (i)
252 4219 271 4271 i
291 4216 459 4284 proposition
477 4221 503 4272 to
518 4217 564 4271 bis
579 4219 701 4285 balesty,
718 4215 847 4282 toucbing
860 4214 904 4269 the
918 4212 1064 4282 compiliug
1075 4211 1127 4267 and
1140 4210 1248 4266 amend·

167 4312 242 4365 ment
252 4305 282 4363 ot
291 4308 336 4362 tbe
347 4306 413 4362 laus
424 4308 452 4363 ot
463 4307 590 4375 anglena.
