2782 4868
607 269 773 330 ..50-

149 424 273 496 quidem
291 424 426 497 partem,
449 421 600 494 imperare
620 423 665 482 ias
686 427 748 497 est,
766 423 820 480 sed
842 421 1003 481 rationem.
1020 424 1110 483 Ratio
1134 429 1244 485 autem

148 542 222 614 quid
240 543 360 613 poscat,
382 539 456 613 quid
472 539 593 615 jubeat,
616 543 645 599 et
665 540 786 599 homini
805 541 836 599 et
854 541 969 614 populo
984 555 1050 600 nou
1065 555 1193 617 semper
1207 545 1241 602 iu

147 662 292 734 promptu
306 660 352 719 est
366 659 550 719 discernere.
561 662 654 719 Nemo
665 662 712 719 est
724 662 777 733 qui
792 673 952 733 nunquam
967 675 1032 719 non
1048 674 1156 722 errare
1167 677 1239 737 pos-

147 780 205 853 sit,
230 774 390 852 nunquam
412 793 477 838 non
496 793 623 852 peccare
645 800 653 838 ι
675 780 794 838 nemini
815 780 907 851 igitur
931 795 1076 854 suprema
1098 784 1242 855 potestas

145 900 351 973 permittenda
366 901 429 974 est,
447 913 542 972 quum
557 900 626 958 ideo
639 900 775 972 potestas
792 902 984 974 exerceatur,
1006 902 1041 959 ut
1063 903 1235 975 quodcum-

146 1031 204 1090 que
218 1018 292 1077 velit
305 1018 383 1077 ratio
398 1021 429 1076 et
443 1017 571 1090 aquitae
583 1017 726 1090 jubeatur
739 1017 829 1089 atque
844 1016 1011 1075 sanciatur.
1020 1020 1066 1075 lta
1075 1019 1239 1078 miscenda

145 1138 191 1195 esi
212 1138 524 1227 atquetemperanda
542 1137 716 1210 reipublice
730 1137 831 1195 forma
844 1138 879 1194 ut
892 1150 986 1209 quarn
1000 1137 1127 1210 plurimi
1142 1140 1235 1198 ratio

145 1271 217 1321 nem
242 1269 409 1328 verumque
433 1257 594 1328 inquirent
617 1257 708 1316 :inde
730 1256 763 1315 iit
781 1258 816 1315 ut
835 1270 875 1314 ne
894 1256 1017 1327 regibus
1041 1256 1135 1315 liceat
1160 1259 1235 1318 solis

144 1375 228 1446 leges
246 1375 343 1448 ferre,
366 1374 479 1446 quippe
498 1388 577 1448 quos
598 1374 710 1446 sepius
729 1374 807 1432 ratio
828 1387 892 1432 non
912 1372 1018 1431 fallere
1034 1386 1101 1431 ncn
1120 1375 1237 1446 possit,

146 1508 245 1567 neque
259 1495 389 1570 populo,
407 1509 503 1567 quum
519 1495 623 1553 nullus
637 1495 677 1553 ad
693 1493 993 1554 administrationem
1004 1493 1138 1553 civitatis
1149 1507 1235 1553 acce·

145 1613 215 1671 dere
231 1615 261 1672 et
276 1613 350 1686 quid
363 1613 469 1687 jubeat
484 1614 561 1672 ratio
576 1627 711 1687 quarere
726 1612 848 1687 debeat,
863 1612 925 1671 nisi
940 1612 993 1685 qui
1009 1613 1094 1671 tanto
1111 1614 1236 1672 muneri
1255 1651 1259 1660 .

146 1748 201 1806 par
226 1747 292 1791 esse
314 1734 455 1794 videatur
475 1753 483 1790 ε
505 1734 577 1791 inde
599 1734 634 1790 ut
657 1733 760 1804 potius
784 1746 839 1805 per
861 1734 978 1803 legatos
1003 1745 1096 1806 quam
1121 1748 1178 1807 per
1204 1749 1238 1794 se

145 1849 245 1920 ipsam
261 1850 434 1907 consulenti
452 1851 516 1920 regi
537 1850 720 1921 respondeat
737 1851 838 1924 natio,
859 1852 993 1910 attamen
1010 1851 1123 1924 etipsa
1138 1854 1239 1926 possit

146 1966 237 2024 rebus
259 1967 392 2040 puhlicis
411 1969 594 2041 immisceri,
617 1982 668 2027 eas
690 1970 906 2040 cognoscendo
922 1984 958 2029 ac
974 1970 1128 2043 judicium
1143 1972 1183 2030 de
1199 1972 1238 2031 iis

145 2083 274 2143 ferendo
291 2081 354 2158 (liz
370 2084 444 2142 inde
465 2087 500 2143 ut
521 2099 586 2143 non
609 2084 745 2143 sufficiat
765 2085 901 2158 aliquem
915 2099 1018 2157 regem
1031 2087 1238 2159 prudentissi·

145 2213 269 2259 momm
283 2201 421 2261 virorum
437 2201 527 2260 dictis
542 2201 718 2260 audientem
732 2214 814 2275 esse,
826 2201 888 2260 uisi
901 2202 995 2260 futuri
1011 2216 1134 2276 quoque
1149 2218 1238 2276 reges

147 2322 295 2381 institutis
316 2322 384 2394 cogi
403 2322 566 2382 uideantur
580 2323 615 2380 ut
632 2335 754 2395 semper
771 2322 804 2379 in
823 2335 1021 2381 communem
1041 2322 1237 2383 deliberatio·

147 2454 220 2498 nem
234 2441 299 2500 veri
313 2443 343 2497 et
354 2441 429 2513 justi
445 2441 680 2512 inquisitionem
694 2439 800 2498 venire
818 2439 923 2498 sinant
937 2439 990 2514 (a).
1006 2445 1072 2500 lam
1088 2442 1178 2500 nulla
1192 2446 1240 2501 est

148 2558 323 2630 reipublice
337 2558 455 2632 forma,
472 2573 539 2632 que
555 2558 654 2629 magis
668 2558 769 2618 faveat
784 2559 857 2619 huic
871 2529 1018 2637 imperio,
1036 2577 1096 2634 quc
1113 2564 1240 2623 nullum

149 2677 247 2747 magis
262 2690 327 2735 esse
342 2680 459 2735 nature
474 2680 717 2736 consentaneum
733 2678 868 2738 declarat
886 2680 989 2755 Plato,
1002 2679 1077 2750 legis
1092 2679 1240 2739 homines

149 2801 287 2861 volentes
305 2799 459 2871 regentis(
482 2799 503 2872 l.

186 2925 223 2981 il.
239 2934 311 2991 puro
322 2933 428 2979 runnu
438 2933 477 2978 ou
488 2933 529 2979 nu
540 2932 712 2980 onusnurur
722 2899 871 2981 alconus.
885 2952 917 2962 -
928 2925 1082 2980 Baconum
1092 2922 1240 2994 equidem

151 3041 235 3100 haud
251 3054 320 3099 reor
339 3040 372 3096 in
394 3040 479 3097 tanta
497 3036 646 3097 doctrina
668 3037 766 3097 civilis
787 3038 873 3110 parte
893 3050 964 3097 vere
985 3037 1238 3110 philosophicum

153 3163 288 3220 studium
312 3159 515 3242 impendisse,
540 3172 597 3217 nec
620 3158 703 3216 unde
725 3156 841 3217 oriatur
864 3170 1008 3231 suprema
1025 3159 1178 3233 potestas,
1199 3159 1238 3217 ad

153 3294 243 3354 quem
266 3281 386 3352 veniat,
419 3293 494 3338 num
530 3279 623 3336 unius
653 3291 718 3336 esse
749 3277 862 3350 possit,
890 3289 1029 3349 unquam
1063 3277 1237 3356 quaesiisse,

156 3795 167 3822 l
185 3775 213 3829 la
230 3776 321 3828 raison
338 3770 465 3826 humaine
485 3782 519 3823 en
538 3770 595 3822 tent
612 3765 710 3836 qu'elle
728 3778 867 3834 gcuuerne
886 3734 948 3820 tous
964 3766 1006 3820 les
1023 3765 1138 3833 peuples
1160 3766 1193 3820 de
1211 3766 1237 3819 le

156 3887 166 3916 e
263 3907 269 3919 .
287 3887 297 3914 tt

186 3870 269 4021 ffi-
290 3956 396 4019 duiuot,
416 3951 536 4007 Histoire
553 3950 597 4004 des
615 3949 741 4018 Oriqiaes
761 3949 798 4003 du
818 3951 1025 4004 Gouoercemeat
1039 3945 1236 4023 cardamatis,

156 4049 165 4098 1
184 4046 240 4099 vol.
256 4046 303 4098 lla
314 4045 395 4099 lectio
405 4047 432 4098 et
442 4057 504 4112 sqq.
659 4115 662 4117 Α

187 4137 220 4198 (il
231 4135 359 4199 Matthia,
374 4132 500 4190 Manuale
509 4131 687 4202 philosophia>
698 4172 703 4198 ,
716 4134 737 4197 i.
753 4135 811 4186 lit.

188 4231 218 4293 t3l
234 4228 300 4281 Plat.
319 4227 351 4280 de
366 4227 430 4291 leg.
446 4241 467 4279 1.
