2782 4868
597 309 766 369 ..70-

143 460 202 518 hus
223 461 339 521 civilius
361 461 444 534 quod
463 461 578 534 iuJuria
592 475 610 522 a
625 476 694 534 rege
709 464 774 522 laesi
790 463 867 537 siut,
883 464 966 525 viam
979 467 1121 540 apertam
1143 471 1240 543 sigui·

146 578 216 639 llcat
228 598 234 637 :
247 580 331 653 quod
345 558 397 639 reu
411 581 528 654 injuria
543 581 634 657 facit,
646 582 766 654 judicio
782 582 997 655 abrogandum
1011 598 1080 647 esse
1094 585 1152 662 (1).

180 703 238 760 Nec
258 701 343 761 solus
363 702 468 762 noster
487 716 572 773 reges
593 715 612 761 a
632 703 695 761 lieo
716 701 841 776 quidem
861 703 1070 780 constitutis,-
1089 707 1240 767 humanis

146 834 217 881 vero
233 821 351 892 legibus
365 834 473 894 parere
489 821 600 881 dehere
615 822 812 883 existimavit.

181 943 345 1000 Bossuctus
368 942 434 1014 ipse
458 956 565 1015 reges,
592 956 657 1001 non
682 943 786 999 minus
812 956 905 1014 quam
930 944 1049 1005 eeteros
1073 947 1241 1021 homines,

147 1061 280 1133 equitati
299 1063 402 1133 legum
423 1061 577 1135 subjectos
599 1062 679 1136 vult,
699 1061 772 1135 quia
793 1064 823 1120 et
841 1063 918 1135 justi
937 1076 1003 1123 esse
1018 1067 1048 1125 et
1064 1069 1241 1141 exemplum

144 1178 269 1249 justitia
283 1179 375 1251 vulgo
390 1180 526 1252 prebere
541 1181 653 1239 dehent
663 1182 715 1254 (Ξ).
732 1183 843 1241 Fenelo
855 1184 936 1243 vetat
949 1197 1054 1256 regem
1070 1186 1192 1260 aliquid
1207 1202 1239 1249 ex

147 1296 291 1371 subjectis
316 1311 441 1373 rapere,
464 1314 521 1360 nec
546 1301 640 1360 modo
666 1300 991 1382 legumscriptarum‚
1013 1307 1068 1365 scd
1088 1309 1243 1381 equitetis

147 1418 297 1476 naturalis
308 1419 500 1478 mentionem
514 1419 606 1492 iacit,
622 1433 703 1493 quae,
720 1421 747 1483 si
764 1422 839 1495 quid
853 1423 995 1483 utilitatis
1010 1425 1145 1496 publice
1154 1441 1246 1486 causa

149 1537 276 1607 privatis
296 1538 452 1597 sublatum
470 1538 579 1615 fuerit,
600 1554 667 1598 nou
689 1540 777 1600 aliter
794 1542 928 1614 pretium
952 1544 1032 1605 solvi
1056 1547 1151 1618 atque
1177 1548 1204 1606 si
1226 1562 1244 1606 a

148 1659 268 1730 privato
282 1659 375 1719 fuerit
390 1661 527 1732 emptum
542 1660 649 1732 poscat
664 1658 708 1733 (3)
722 1679 730 1716 ε
748 1660 785 1718 de
800 1660 912 1733 quihus
926 1661 1007 1721 inter
1021 1671 1125 1734 regem
1140 1666 1240 1736 priva-

147 1781 272 1852 tumque
290 1780 507 1851 conveniatur,
524 1779 634 1837 iisdem
653 1778 886 1839 conditionibus
900 1781 1046 1840 saucium
1060 1783 1177 1854 quihus
1193 1785 1239 1842 in-

149 1903 195 1958 ter
208 1900 355 1971 privatos.

184 2020 302 2092 Optime
318 2039 325 2077 :
344 2019 505 2092 quievero
521 2019 619 2092 possit
638 2020 704 2093 lex,
722 2019 783 2078 uisi
801 2019 962 2081 sanctione
975 2020 1150 2094 muniatur,
1169 2021 1247 2081 salis

149 2142 242 2211 patet.
261 2143 333 2210 Quae
352 2141 471 2200 sanctio
491 2141 638 2201 adversus
658 2154 743 2212 reges
763 2143 809 2199 est
822 2140 1019 2200 adhihenda?
1034 2141 1112 2200 Hinc
1125 2143 1246 2202 nullam

150 2259 222 2318 ferri
237 2260 351 2332 patitur
364 2263 529 2321 Bossuctus
545 2258 593 2332 (1)
609 2279 617 2317 :
634 2272 653 2318 a
667 2261 751 2318 metu
765 2271 929 2331 poeuarum
944 2260 1015 2319 illos
1028 2259 1151 2334 eximit,
1169 2274 1248 2334 quos

153 2380 283 2450 dirigere
302 2379 411 2438 debeat
430 2380 497 2453 lex,
518 2394 585 2439 non
604 2392 712 2451 cogere
732 2380 834 2453 queat.
853 2381 912 2437 Nec
936 2379 1025 2438 aliter
1043 2380 1171 2452 Fouelo,
1194 2379 1246 2453 qui

153 2499 255 2553 tamen
275 2496 380 2554 minus
400 2495 524 2565 regibus
542 2495 675 2553 tribuere
693 2496 789 2567 solet,
805 2494 860 2554 sed
872 2495 934 2553 hoc
952 2495 1066 2554 fatetur
1083 2494 1248 2568 scripturis

152 2614 267 2674 sanctis
282 2615 426 2687 probari,
442 2614 544 2686 quod,
566 2614 592 2671 si
613 2614 682 2687 quis
701 2627 754 2672 rex
769 2615 919 2686 potestate
935 2627 990 2673 sua
1005 2612 1164 2689 abutatur,
1176 2614 1235 2672 nul

152 2739 217 2796 lum
237 2736 332 2797 alium
350 2736 485 2809 judicem
506 2736 617 2795 haheat
633 2737 743 2809 preter
763 2739 858 2795 Deum
880 2735 934 2809 (5).
956 2735 1045 2795 lllinc
1066 2734 1250 2808 philosophi

152 2854 264 2927 quihus
283 2867 383 2928 penes,
398 2856 549 2928 populum
572 2855 663 2914 sitam
685 2866 751 2913 esse
770 2867 925 2913 summam
943 2867 1047 2912 rerum
1061 2866 1251 2926 persuasum

154 2975 214 3048 est,
241 2973 407 3032 mutandos
433 2987 536 3047 reges,
559 2987 624 3032 non
647 2973 752 3031 minus
772 2986 865 3045 quam
888 2972 1005 3031 ceteros
1030 2970 1252 3043 magistratus,

153 3094 279 3153 arbitrio
294 3094 401 3168 populi
416 3094 567 3167 scripsere
582 3093 639 3166 (6),
656 3092 772 3152 nedum
787 3104 840 3150 eos
855 3091 959 3165 puniri
974 3103 1066 3165 posse
1080 3092 1253 3160 negarent:

154 3227 390 3286 quorumquam
405 3215 520 3272 exitum
535 3211 702 3272 habuerint
716 3212 869 3284 precepta
883 3222 975 3268 nemo
986 3208 1101 3267 nescit.
1139 3188 1144 3197 Χ

189 3337 212 3389 Α
228 3337 347 3392 liacono
362 3345 526 3412 personam
542 3331 624 3402 regis
639 3330 772 3389 solutam
788 3341 855 3389 esse
874 3328 993 3399 legibus
1014 3327 1131 3386 dictum
1155 3339 1256 3398 supra

190 3771 218 3835 (1)
232 3768 270 3821 hu
279 3768 420 3834 argument
430 3765 459 3817 oi
465 3766 503 3818 sir
513 3762 538 3816 1.
553 3765 650 3818 Bacon.
662 3803 684 3816 ..
704 3762 820 3830 proring
834 3757 1079 3825 thoringorum,
1092 3761 1144 3812 etc.

192 3862 223 3926 ti)
239 3859 367 3926 Polltique
379 3857 463 3922 lires,
475 3860 527 3912 etc.
539 3897 545 3922 ,
556 3855 576 3909 1.
591 3871 628 3922 rr,
641 3858 693 3909 art.
707 3856 731 3920 l,
746 3860 771 3908 t·
781 3867 859 3921 prop.
1025 3923 1028 3928 Ι

188 3953 219 4017 (3)
232 3952 349 4005 Examen
359 3950 392 4005 de
405 3950 563 4004 conscience
573 3962 620 4002 sur
629 3948 670 4002 los
682 3947 790 4001 devoirs
801 3944 835 3999 dc
847 3941 997 4010 laroyaute
1009 3982 1016 4006 ,
1029 3943 1079 3995 art.
1094 3943 1119 3993 3.
1132 3969 1162 3977 -
1178 3941 1216 3995 lle
1226 3940 1255 3994 la

151 4044 250 4108 justice
259 4044 305 4110 qui
315 4042 371 4096 doit
381 4041 505 4110 presidet
517 4040 532 4094 a
542 4044 603 4094 tous
615 4041 655 4094 les
664 4041 738 4093 actes
750 4037 787 4091 du
799 4037 1024 4103 gouvemement.

190 4135 221 4197 (i)
238 4131 300 4185 Lcc.
313 4133 360 4186 cit.

140 4220 143 4224 ’
191 4225 221 4288 (5)
236 4224 310 4276 lissei
322 4223 534 4292 philosophique
546 4237 593 4277 sur
602 4223 629 4279 le
641 4221 853 4290 gourernemeut
864 4218 940 4281 civil,
954 4230 976 4270 c.
990 4229 1081 4270 xxvu.

187 4319 216 4380 (6)
233 4315 395 4381 Gondoreet,
409 4313 456 4369 loc.
471 4315 518 4368 cil.
