2782 4868
601 370 790 434 -127-—-

183 518 294 578 omnia
311 519 370 577 ista
385 519 424 576 in
443 518 659 592 philosophico
679 520 781 580 libro:
799 521 905 607 eudem
927 522 1031 583 etalio
1046 524 1079 582 in
1097 526 1235 604 oratione

146 653 209 714 qua
217 631 302 697 usus
322 640 368 696 est
386 638 499 707 noster,
523 638 674 711 aquibus
697 639 814 697 curiam
834 640 969 712 primunr
993 641 1149 722 ingressus
1164 644 1232 716 (υς

147 759 272 831 «tussa
294 755 347 813 illa
372 754 484 828 quibus
508 768 558 839 me
581 755 685 829 ipsum
707 758 736 815 et
755 769 860 815 meum
879 758 1001 839 tempus
1019 758 1234 819 tantummodo

149 843 336 949 sustringoss
356 846 443 930 nullo
465 870 560 945 modo
586 871 710 932 obstent
732 852 905 933 auctoritati
925 873 1016 933 curia
1039 876 1094 933 aut
1115 874 1236 947 supien-

149 1014 161 1043 «
184 992 262 1051 tium
275 971 413 1065 uirorum
424 992 521 1066 quiin
534 1004 634 1051 meam
648 992 747 1052 vicem
761 992 938 1052 succedent.
1000 995 1077 1053 sunt
1090 1000 1237 1072 caupulum

149 1136 164 1167 ι
182 1113 287 1181 album
304 1118 464 1187 pretoriu-
487 1127 552 1175 non
574 1114 661 1174 aliter
682 1118 773 1199 aune
795 1116 925 1174 Romani
946 1117 1092 1189 pretores
1110 1115 1236 1192 (quibu

149 1255 162 1286 u
181 1214 365 1305 simillimus
379 1237 427 1294 est
441 1235 680 1310 cancellarius),
696 1236 774 1295 inito
788 1237 985 1310 magistratu,
1000 1250 1061 1310 quo
1070 1237 1169 1308 pacto
1185 1235 1237 1308 jus

149 1377 163 1405 α
184 1354 297 1421 dicturi
314 1355 416 1413 essent
432 1355 594 1414 docebant.
612 1378 623 1406 n
640 1359 729 1414 tussa
743 1357 797 1415 illa
810 1370 867 1415 sua
881 1352 1165 1433 servavitBaconus
1181 1356 1235 1432 (2),

147 1489 217 1552 que
232 1442 461 1557 sapientissima
476 1477 549 1533 sunt
561 1475 740 1548 legibusque
756 1476 872 1543 nostris
884 1476 1029 1548 pleraque
1042 1477 1194 1548 proxima
1227 1536 1229 1542 Α

183 1596 248 1653 turi
269 1595 351 1666 ciuili
373 1596 466 1653 simul
483 1596 536 1653 ille
554 1597 712 1654 consulit:
733 1618 744 1647 u
763 1596 938 1657 cauendum
953 1609 993 1654 ue
1006 1598 1091 1655 curia
1105 1598 1235 1670 amplec-

150 1735 162 1764 «
184 1687 265 1772 tetur
292 1715 345 1773 aut
371 1715 501 1773 retineat
527 1728 655 1789 causas,
686 1727 789 1788 que„
804 1716 868 1774 sive
898 1714 1141 1790 admotorum,
1170 1715 1237 1802 sive

149 1855 162 1886 a
184 1833 225 1893 ad
243 1833 327 1905 'facta
342 1834 492 1908 attendis,
505 1833 569 1907 juri
583 1834 742 1911 communi
758 1834 963 1910 relinquenda
979 1835 1065 1908 sunt,
1083 1856 1094 1885 u
1112 1833 1236 1907 pollice-

136 1954 260 2024 turque
275 1964 341 2010 sese
356 1952 513 2035 orationes
523 1954 723 2028 auditurum,
746 1968 782 2030 eo
802 1953 962 2013 tendentes
983 1944 1095 2031 ut‘illae
1110 1968 1134 2013 a
1154 1955 1239 2024 curi-o

149 2072 355 2136 dimittantur.
1238 2137 1240 2140 Α

154 2267 162 2275 „
184 2192 339 2250 Nonnulla
360 2191 448 2249 addit
471 2195 576 2252 noster
600 2207 680 2273 quae
688 2194 767 2267 juris
795 2195 961 2252 Britannici
990 2195 1115 2268 propria
1147 2198 1231 2269 sunt,

148 2313 309 2372 referenda
323 2316 427 2372 umen
440 2314 677 2388 videntucquia
688 2316 760 2373 inde
771 2320 966 2387 apparetque
980 2315 1073 2373 modo
1090 2315 1237 2374 ordinatae

148 2431 213 2505 sint
227 2431 378 2504 equitatis
394 2432 501 2506 curiae,
519 2446 583 2490 non
608 2434 640 2489 in
657 2432 834 2505 philosophi
849 2431 991 2506 scriptiS,
1013 2432 1067 2490 sed
1091 2433 1124 2490 in
1148 2446 1236 2505 repu-

136 2547 240 2608 blica.
332 2590 334 2594 -

185 2663 389 2723 cancellarius
417 2679 481 2722 non
507 2664 600 2724 modo
620 2665 653 2723 in
676 2666 776 2724 causis
798 2666 837 2724 nd
862 2680 894 2725 se
917 2666 1019 2724 allatis
1040 2666 1092 2745 jus
1120 2668 1238 2725 mutare

148 2784 258 2857 potuit,
275 2785 329 2843 sed
342 2786 372 2843 et
382 2785 500 2858 judicia
514 2795 550 2844 ex
565 2755 631 2858 lege
650 2787 712 2845 lata
733 2801 768 2846 eu
782 2788 923 2861 equitate
938 2787 1098 2858 corrigere.
1114 2786 1239 2845 lude-fit

148 2901 185 2959 ut
203 2900 269 2974 jam
293 2915 357 2960 uon
382 2903 456 2960 satis
478 2904 667 2963 auctoritatis
688 2903 822 2963 habeant
836 2902 965 2975 judicia,
989 2916 1084 2975 quurn
1104 2901 1238 2960 rescindi

149 3017 281 3093 possint,
297 3032 474 3092 quanquam
489 3020 548 3090 legi
567 3023 784 3080 consentanea.
801 3024 938 3079 baconus
955 3020 1047 3091 igitur
1067 3020 1108 3093 (3)
1125 3020 1158 3079 in
1176 3021 1239 3078 illis

150 3138 251 3217 causis
274 3152 307 3196 se
330 3138 409 3197 nihil
423 3139 577 3198 dicturum
597 3140 680 3212 quod
700 3140 817 3212 judicia
831 3139 1004 3227 rescindere
1018 3139 1167 3212 videatur,
1183 3139 1238 3196 sed

150 3228 271 3331 tantum
284 3261 493 3325 correcturum
508 3260 641 3332 partium
657 3260 832 3332 corruptam
847 3258 1078 3332 conscientiam,
1089 3258 1238 3330 imperata

150 3376 341 3436 restitutione
361 3383 415 3436 cut
435 3379 461 3436 si
478 3370 552 3452 quid
568 3379 653 3437 aliud
667 3380 806 3450 reposcat
825 3377 1151 3451 unuiuspollicetur.
1170 3378 1236 3435 Non

151 3495 236 3572 satis,
257 3495 312 3577 Qui
330 3508 395 3553 rem
413 3496 581 3568 judicatam
596 3496 711 3555 deferat
725 3494 764 3553 ad
780 3495 953 3555 cancellarii
970 3495 1087 3554 curiam
1104 3508 1174 3553 eum
1189 3508 1235 3551 sa-

151 3582 350 3689 tisdareante
365 3584 471 3674 sunnia
483 3616 569 3689 jubet
585 3618 690 3674 noster
709 3614 764 3689 (t),
779 3616 813 3672 ut
828 3615 949 3674 nullum
960 3604 1137 3704 legitimum
1154 3613 1235 3686 judi-

187 3983 216 4046 (tt
236 3983 289 4038 ibe
311 3984 389 4038 effect
410 3983 438 4037 of
457 3980 514 4036 that
534 3984 622 4038 ulrich
643 3998 698 4039 was
716 3985 820 4052 spoken
838 3985 875 4052 by
890 3982 935 4038 the
949 3983 1010 4037 lord
1030 3983 1132 4050 llecper
1147 3981 1175 4036 ot
1192 3982 1236 4035 tbe

153 4075 230 4138 great
239 4074 296 4127 seul
307 4073 336 4126 ot
346 4075 465 4140 bnglnnd
476 4081 504 4128 at
515 4075 561 4129 the
572 4076 665 4141 taking
678 4076 706 4131 oi
715 4077 758 4130 bis
771 4077 844 4144 place
852 4064 885 4130 'in
896 4075 1043 4141 chancery.

150 4174 153 4178 ·
187 4166 218 4228 (l)
239 4166 402 4220 Ordinanccs
417 4169 445 4219 in
457 4167 604 4233 ubuncerp.

185 4255 218 4318 (3)
238 4255 400 4309 Ordlnuuces
413 4257 440 4308 in
451 4257 597 4325 dbancery,
615 4261 658 4312 it.

186 4344 218 4408 (tt
238 4345 290 4396 The
308 4347 400 4408 effect,
421 4351 473 4400 etc.
