2782 4868
600 390 789 454 -iit-

149 553 269 615 curiam
284 536 494 620 confugissent
508 560 564 621 pro
582 561 643 620 qua
657 561 690 606 re
703 546 831 606 Cokium
854 548 884 602 et
899 525 1030 615 collegas
1053 544 1119 616 ejus
1134 540 1173 603 ad
1187 545 1240 604 Ca·

150 685 270 733 meram
293 670 446 728 stellatam
467 667 635 731 mittendos
650 669 754 726 censet
775 670 923 725 Baoonus.
944 664 1112 725 Posteriora
1136 667 1237 739 parte,

149 793 190 850 ad
207 788 357 849 beneficia
370 787 558 862 pertinente,
573 787 720 859 probatur
736 783 815 856 regis
823 784 945 857 jussum
960 783 998 841 de
1018 783 1171 842 sententia
1180 783 1237 841 dii·
1312 800 1315 808 ·

148 910 277 970 ferenda
291 908 419 968 omnino
438 909 498 980 legi
516 910 759 968 consentaneum
779 906 884 964 fuisse.
900 904 1035 978 Denique
1051 916 1099 962 res
1114 902 1148 962 in
1164 916 1238 962 eon·

149 1030 255 1088 silium
277 1027 439 1087 adducitur
478 1027 517 1100 (i)
543 1045 550 1083 ι
581 1027 755 1086 reseruntur
779 1025 898 1101 omnia,
927 1025 978 1098 jus
1016 1022 1237 1084 beneficiorum

149 1147 419 1210 comedendarum
440 1146 511 1216 Regi
527 1146 710 1216 denegatum
728 1144 838 1217 fuisse,
860 1142 1021 1217 epistolam
1035 1141 1073 1200 ab
1084 1142 1237 1200 atturnoto

149 1266 285 1342 generali
308 1266 469 1339 scriptam,
496 1265 650 1337 quomodo
676 1278 694 1322 a
719 1263 875 1336 judicibus
896 1275 1079 1334 responsum
1103 1260 1152 1318 sit.
1177 1263 1239 1318 Rex

149 1390 252 1447 autem
274 1386 380 1444 monet
399 1384 438 1443 de
462 1383 572 1455 regatis
598 1383 758 1454 potestatis
779 1380 982 1440 nobilissimis
1006 1379 1145 1453 partibus
1168 1392 1238 1437 cum

148 1505 292 1580 populari
306 1506 336 1563 et
360 1503 476 1576 injusta
502 1501 641 1560 libertate
665 1500 829 1573 disputari,
851 1511 944 1572 quam
970 1498 1085 1556 diutius
1111 1499 1240 1557 tolerare

148 1626 298 1698 nequeat:
320 1622 448 1695 epistola
473 1621 538 1694 ejus
557 1621 692 1692 iegitur:
720 1642 731 1670 o
748 1619 840 1678 Nobis
860 1619 904 1676 ita
922 1619 1069 1690 placitum
1091 1620 1153 1690 est,
1185 1618 1238 1690 qui

152 1767 164 1795 u
186 1755 292 1802 sumus
306 1743 397 1814 eaput
417 1743 447 1799 et
466 1741 537 1800 fons
549 1739 675 1812 justitie
690 1739 747 1797 suh
761 1741 821 1798 lieo
841 1739 874 1796 in
894 1752 988 1808 regno
1007 1739 1126 1810 nostro,
1143 1739 1177 1796 ut
1201 1751 1238 1795 ex

151 1860 293 1920 «nostra
314 1858 406 1930 piena
431 1858 580 1930 potestate
610 1859 640 1914 et
664 1856 757 1928 regali
779 1855 960 1914 auctoritate
989 1869 1045 1915 vos
1065 1857 1237 1915 voraremus

152 1976 257 2035 «huie
276 1989 375 2034 oausae
403 1978 475 2035 ante
494 1976 661 2034 immisceri
685 1988 777 2049 quam
809 1974 849 2032 ad
876 1973 984 2032 urbem
1018 1975 1238 2056 reverteremur

153 2119 164 2148 ι
186 2097 216 2155 et
239 2109 274 2154 ex
300 2098 408 2154 nostro
431 2109 483 2154 ore
513 2095 697 2168 quidnobis
717 2097 834 2167 placeat
861 2095 968 2153 andire
997 2094 1147 2167 possetis3
1178 2093 1238 2152 hoo

153 2219 231 2274 «est
259 2216 421 2289 prouidere
451 2229 491 2273 ne
520 2229 581 2288 quo
609 2216 671 2273 iotu
700 2216 835 2286 potestas
863 2217 970 2272 nostra
1002 2214 1143 2287 feriatur,
1173 2228 1237 2273 non

152 2337 346 2411 «pronibere
370 2350 410 2394 ne
438 2337 490 2409 jus
519 2336 607 2394 detur
632 2336 778 2409 privatis,
809 2335 842 2392 in
875 2348 936 2407 quo
966 2335 1071 2393 nulius
1097 2347 1239 2407 unquam

152 2454 272 2514 «vohis
292 2467 311 2512 a
329 2468 378 2512 me
402 2454 505 2511 mrhas
520 2453 623 2511 afferri
645 2451 882 2525 persuadebit.»
907 2450 1021 2509 Deinde
1046 2451 1080 2509 in
1109 2452 1237 2535 popula·

148 2588 197 2634 res
212 2575 380 2649 prudentes
396 2575 527 2634 Jaooous
547 2574 702 2634 invehitur
717 2574 770 2647 qui
791 2574 824 2631 in
842 2572 1054 2647 parliamentis
1067 2573 1166 2646 ipsius
1180 2587 1235 2646 po-

148 2693 287 2751 testatem
301 2693 418 2764 ¹oaioare
430 2705 496 2750 non
511 2691 742 2765 dubitauerunt,
758 2704 853 2764 quum
864 2691 967 2749 tamen
980 2735 988 2760 ‚
1003 2690 1065 2749 nisi
1083 2693 1144 2748 Rex
1158 2703 1238 2748 sum-

148 2822 200 2869 mo
216 2810 249 2868 in
269 2809 387 2869 honore
408 2811 462 2885 sit,
485 2810 572 2868 nulla
588 2810 758 2870 reuerentia
776 2810 858 2881 leges
883 2810 1046 2881 legumque
1070 2808 1237 2881 prudentes

147 2931 208 2989 frui
225 2935 348 3004 queant.

182 3053 345 3124 Postquam
369 3054 429 3110 Rex
454 3052 545 3110 verba
569 3051 655 3124 feeit,
679 3051 799 3123 judiees
820 3050 924 3108 onneti
949 3050 1020 3107 ante
1047 3060 1148 3119 genua
1171 3047 1237 3119 ejus

147 3168 387 3242 provolvuntur3
401 3169 566 3242 respondet
576 3169 706 3240 dokius,
725 3166 812 3239 ouius
827 3167 908 3226 diota
919 3166 1031 3225 refutat
1043 3170 1117 3238 Rex,
1127 3166 1238 3225 refutat

147 3272 269 3359 ouoque
290 3288 446 3358 Baeonus,
469 3299 540 3343 cum
554 3285 615 3343 hoc
634 3298 726 3344 omne
744 3284 911 3343 oonoiiium
928 3287 1007 3343 stare
1023 3283 1127 3343 nnlius
1143 3283 1234 3343 mira·

145 3402 237 3462 bitur.
264 3405 346 3461 Tune
370 3405 472 3461 autem
497 3403 608 3462 dokius
633 3417 703 3461 oum
728 3403 859 3462 coneilio
882 3403 1030 3477 disputari
1050 3417 1068 3462 a
1091 3417 1125 3464 se
1145 3416 1236 3479 posse

144 3522 246 3590 negat,
263 3520 289 3577 si
304 3520 412 3578 eodem
429 3521 532 3593 judioe
545 3535 657 3580 usurus
682 3521 731 3580 sit.
752 3525 891 3581 Baoonus
906 3523 1009 3593 gratie
1029 3522 1235 3595 suspicionem

145 3639 280 3697 auertere
295 3642 443 3698 conatur:
463 3664 475 3691 o
493 3642 680 3714 Quicumque
694 3643 729 3702 in
743 3644 875 3704 coneilio
891 3644 979 3714 Regis
994 3643 1117 3713 sedent,
1134 3654 1233 3699 sacra-

148 3777 159 3807 «
180 3760 301 3828 mento,
318 3757 439 3833 officio,
455 3759 552 3818 multo
567 3761 665 3831 magis
682 3762 772 3833 jussu
791 3762 879 3832 Regis
894 3762 990 3834 ipsius
1005 3760 1072 3831 cogi
1087 3761 1123 3817 ut
1136 3760 1233 3817 nemi-

146 3897 159 3929 «
180 3888 253 3936 nem
269 3878 411 3953 timeant,
428 3881 457 3939 et
472 3881 600 3940 saeviant
621 3881 713 3941 etiam
736 3882 768 3941 in
794 3880 1023 3941 nobilissimum
1046 3878 1234 3952 subjeetum,

179 4335 208 4393 itt
231 4333 316 4389 Letior
327 4347 408 4388 exit.
