2782 4868
598 338 786 402 -tts-

145 490 295 564 promotu
308 487 349 546 sit
361 479 499 559 legitime
513 487 685 547 sententia:
709 489 845 550 veritatis
862 490 970 549 contre
985 489 1142 564 inquisitio
1159 493 1239 553 diiii·

147 607 218 668 ciiis
234 609 264 666 et
276 607 372 678 longa
386 607 447 678 est,
462 618 527 666 non
543 606 644 667 solum
659 607 693 665 in
707 607 826 680 legibus
841 609 1030 685 condendis,
1044 624 1151 671 vemm
1164 615 1195 672 ct
1207 613 1240 672 in

145 728 274 803 judiciis
296 727 448 801 serendis,
472 739 530 787 nec
554 739 694 801 semper,
717 726 810 786 etiem
833 727 965 801 impigre
987 731 1243 805 suscepturum

150 847 299 908 succedit.

186 969 217 1025 2.
237 963 493 1037 Distinguendum
506 964 610 1021 utrum
624 961 720 1036 judex
727 961 896 1021 secundum
911 962 1009 1035 legem
1019 963 1241 1038 anaequitotem

149 1087 284 1146 statuere
298 1083 416 1144 debeat.
436 1085 471 1143 st
493 1082 628 1157 primum
650 1082 820 1143 secundum
839 1083 938 1156 legem
956 1084 1153 1144 statuendum
1175 1099 1241 1145 esse

151 1216 318 1278 ponamus.
356 1270 358 1275 ,

188 1322 364 1384 secundum
372 1323 471 1394 legem
484 1321 622 1396 judicare
637 1321 716 1380 nihil
726 1321 811 1382 aliud
825 1327 871 1382 est
884 1324 974 1397 atque
982 1323 1082 1396 legem
1095 1323 1245 1397 interque·

153 1444 238 1504 turi:
269 1443 467 1503 :Meminisse
486 1442 599 1502 debent
617 1441 736 1516 judices
756 1455 822 1501 csse
844 1443 982 1502 muneris
1002 1445 1050 1503 sui
1065 1444 1117 1518 jus
1132 1445 1242 1520 dicere,

157 1585 171 1617 ι
191 1578 257 1626 non
275 1565 378 1624 eutem
397 1563 449 1638 jus
464 1562 559 1623 dare:
578 1563 677 1635 leges,
696 1563 840 1639 inquam,
855 1564 1066 1638 interpretari,
1086 1579 1151 1624 non
1171 1579 1243 1624 con-

158 1706 171 1740 «
192 1686 310 1747 dere.»

191 1809 210 1865 3
227 1805 365 1865 Difficilis
375 1808 421 1866 est
433 1806 537 1878 legum
550 1804 759 1878 interpretatio
771 1849 783 1878 ,
794 1804 849 1864 ubi
865 1817 907 1863 eae
920 1805 1043 1864 incerte
1059 1806 1148 1864 sunt:
1164 1806 1246 1864 onu-

158 1948 172 1976 ι
193 1926 264 2000 ples
275 1926 378 1998 legum
393 1924 595 1998 incertitud03
610 1925 720 1998 ultera,
734 1923 851 1983 ubiles
866 1923 952 1983 nulla
963 1924 1185 1997 prescribitur3
1203 1925 1246 1984 ol-

160 2067 173 2098 o
194 2049 269 2121 tem,
283 2045 337 2104 uhi
353 2044 497 2127 ambigue
510 2045 539 2103 et
554 2041 749 2116 obscurati).
773 2063 783 2093 o

194 2172 239 2224 De
257 2165 383 2224 Casibus
402 2168 527 2222 Omissis
544 2180 566 2222 u
581 2163 654 2238 leqe.
673 2166 709 2223 ln
730 2163 780 2222 his
799 2161 912 2236 triplex
928 2162 1065 2222 adhiberi
1085 2165 1249 2222 remedium

155 2287 246 2362 juset
258 2290 409 2356 BaconuS,
422 2300 591 2358 processum
611 2284 653 2340 ud
672 2283 802 2353 similia,
819 2299 907 2339 usum
922 2283 1141 2356 coemptarum,
1151 2287 1250 2356 juris-

158 2406 301 2464 dictiones
309 2406 474 2478 praetortns
487 2405 700 2476 consortesque.
716 2400 817 2460 Latius
838 2400 963 2474 quinem
980 2402 1088 2474 patent
1101 2403 1251 2475 praetoriae

159 2525 368 2599 censorisque
391 2524 499 2597 curiae,
515 2522 663 2596 quoniam
684 2522 723 2580 iis
743 2535 808 2582 non
831 2522 925 2582 modo
948 2521 1173 2597 supplendum,
1198 2521 1252 2581 sed

160 2644 378 2716 corrigendum
394 2656 515 2717 quoque
527 2641 578 2716 jus
597 2642 744 2715 scriptum
759 2643 862 2701 censet
876 2643 982 2701 noster
997 2662 1005 2700 ι
1021 2642 1060 2701 iis
1074 2643 1166 2714 igitur
1179 2656 1253 2702 suus

161 2761 251 2820 locus
263 2772 329 2820 esse
344 2759 443 2818 debet,

199 2887 244 2939 De
256 2885 396 2938 Processu
416 2880 458 2937 ad
476 2879 592 2936 similia
616 2886 646 2936 et
669 2879 885 2937 extensionibus
907 2879 1007 2952 lequut
1022 2878 1075 2952 (ἒ).
1092 2881 1160 2938 Haec
1182 2880 1253 2936 ante

144 2988 271 3065 ‘omnis
284 2992 435 3062 seruanda
458 3002 505 3061 est
527 3002 632 3073 regule
651 3021 658 3060 ι
680 3022 691 3052 o
712 3015 756 3062 m.
773 3002 859 3060 Ratio
884 3001 1041 3075 prolifico,
1065 2998 1255 3060 consuetudo

169 3148 184 3175 α
203 3121 315 3182 sterilis
330 3123 410 3194 esto,
426 3134 483 3180 nec
497 3122 619 3192 generet
634 3134 722 3179 cesus
740 3140 747 3178 ε
763 3120 865 3196 itaque
886 3121 970 3193 qood
985 3118 1093 3178 contra'
1106 3119 1257 3177 rationem

169 3267 183 3298 o
200 3245 280 3320 juris
293 3244 447 3317 receptum
462 3243 525 3315 cst,
544 3242 592 3302 vel
613 3241 705 3300 ctiam
723 3241 777 3300 uhi
796 3241 873 3301 ratio
888 3241 953 3315 ejus
968 3241 1014 3298 cst
1032 3239 1176 3312 obscure,
1192 3253 1257 3298 non

169 3385 183 3416 s
203 3362 389 3423 trahendum
403 3362 449 3420 est
463 3361 503 3418 ad
516 3358 778 3432 consequentiam.
799 3379 810 3408 u
827 3360 869 3417 Ne
884 3360 987 3417 tamen
1002 3356 1115 3416 idcirco
1130 3356 1258 3430 repella·

168 3483 219 3541 tur
233 3480 363 3542 omnino
374 3479 584 3541 consuetudo:
601 3451 681 3536 nihil
692 3477 736 3550 iit,
751 3476 813 3536 nisi
824 3477 927 3550 ntique
941 3477 978 3535 de
993 3489 1104 3536 causa:
1119 3475 1173 3534 uhi
1187 3488 1259 3533 con·

168 3598 298 3672 suetudo
313 3599 373 3679 est,
385 3596 428 3656 ibi
447 3609 569 3670 quoque
582 3595 659 3655 ratio
675 3609 742 3654 esse
760 3596 870 3668 potest,
886 3608 927 3653 nn
937 3594 980 3653 ihi
995 3594 1035 3652 sit
1049 3591 1258 3667 querendum.

169 3721 237 3780 Non
250 3718 343 3791 igitur
352 3717 541 3778 consuetudo
553 3718 599 3775 est
608 3716 704 3791 ratio,
720 3716 871 3775 rationem
880 3728 953 3776 uero
963 3715 1064 3788 potest
1076 3711 1223 3770 indicare.

212 3861 226 3890 α
236 3851 303 3899 mir.
318 3839 433 3897 Durum
449 3838 495 3895 est
505 3838 645 3909 torquere
658 3835 739 3906 leges
754 3835 867 3896 adhoc
883 3838 918 3896 ut
932 3836 1092 3910 torqueant
1107 3831 1258 3894 homines,

214 4219 245 4282 ti)
262 4217 299 4271 De
310 4216 436 4270 Fontibus
450 4215 534 4282 turis,
549 4228 578 4268 rx
589 4217 615 4267 et
626 4227 688 4281 sqq.

213 4309 244 4372 tt)
263 4307 303 4360 lb.
319 4320 417 4360 iiiffxx.
