2782 4868
574 416 616 431 —-
648 384 771 446 lle*-

167 564 184 605 ,ι
202 555 284 604 xxvi
297 537 472 603 cavendum
488 540 526 599 eb
542 540 750 613 exemplorum
766 538 948 610 fragmentis
965 539 995 597 et
1009 538 1217 613 compendiis:

131 685 145 714 t
167 660 425 734 atque-integrum
440 657 614 731 exemplum
628 658 659 717 et
676 656 840 716 universus
860 657 927 731 ejus
946 671 1107 729 processus
1123 659 1218 720 intro·

135 806 149 836 e
171 780 358 857 spiciendus.
375 779 405 838 si
419 779 503 837 enim
517 776 641 836 incivile
657 776 717 848 sit,
735 775 795 833 nisi
810 776 875 834 tota
897 775 963 848 lege
982 778 1159 852 perspecta,
1185 778 1222 836 de

133 922 148 956 α
168 902 256 975 parte
266 884 331 974 ejus
343 897 497 972 judicare,
512 896 610 956 multo
620 895 718 966 magis
728 895 788 954 hoe
797 895 899 954 valere
914 895 1002 954 debet
1016 895 1049 954 in
1064 894 1221 970 exemplis,

135 1042 147 1072 r
170 1006 238 1094 quae
260 1016 402 1091 ancipitis
423 1019 498 1076 sunt
520 1028 611 1090 usus,
635 1014 697 1073 nisi
716 1015 806 1076 valde
826 1005 1019 1087 condrensi
1043 1015 1130 1087 apud
1150 1028 1222 1087 pru·

132 1138 243 1196 dentes
257 1137 429 1207 Romanos,
450 1132 541 1191 facile
552 1128 686 1204 'apparet
705 1132 857 1205 quantum
872 1129 953 1189 inter
967 1143 999 1188 se
1017 1129 1159 1189 differant
1175 1144 1223 1190 ca-

133 1260 205 1325 sus,
221 1250 321 1323 specie
335 1248 465 1307 omnino
480 1247 628 1319 germani.
645 1247 826 1318 interrogati
840 1245 933 1318 igitur
958 1225 1145 1318 interrofgare
1166 1249 1225 1322 ipsi

135 1369 237 1428 solent
260 1368 294 1426 ut
312 1368 377 1426 tota
401 1367 472 1425 ante
493 1367 600 1425 oculos
619 1365 754 1424 habeant
768 1366 929 1437 exempla:
945 1377 1038 1437 quam
1052 1366 1150 1424 multa
1163 1367 1224 1425 dis·

136 1485 308 1558 tinguendo·
320 1484 384 1543 sint
398 1484 461 1542 iere
475 1483 656 1542 incredibile
665 1485 721 1540 est.
742 1470 743 1475 ’

173 1607 240 1663 lton
266 1602 411 1663 omnibus
434 1602 580 1674 exemplis
604 1601 711 1661 eadem
734 1602 815 1660 inest
839 1603 1013 1660 auctoritas.
1042 1623 1054 1652 «
1074 1616 1168 1663 xxvii.
1192 1609 1227 1662 ln

139 1744 153 1774 o
173 1723 321 1796 exemplis
335 1722 513 1795 plurimum
534 1722 662 1780 interest
682 1723 740 1793 'per
763 1732 840 1794 quas
862 1734 973 1780 manus
996 1723 1176 1782 transierint
1199 1729 1229 1783 et

140 1865 155 1894 c
175 1844 330 1903 naneaeta
341 1842 462 1919 sint.·si
475 1840 561 1899 enim
577 1841 659 1913 apud
682 1841 798 1900 scribas
816 1843 937 1899 tantum
952 1843 981 1900 et
993 1843 1152 1902 ministros
1164 1844 1228 1917 jus·

141 1987 154 2016 o
177 1964 268 2039 titios,
281 1972 326 2021 'en
351 1976 443 2021 cursu
462 1964 568 2035 curia,
590 1962 706 2034 absque
726 1950 836 2021 notitia
856 1962 1020 2021 manifesta
1038 1964 1231 2036 superiorum
1345 1983 1352 1993 ¹

141 2105 157 2134 o
176 2082 383 2156 obtinuerint,
401 2082 455 2138 aut
473 2082 564 2139 etiam
589 2081 671 2154 apud
695 2094 835 2139 errorum
859 2082 1041 2152 magistrum
1065 2083 1230 2156 populum,

142 2227 159 2255 o
176 2202 388 2262 conculcanda
401 2204 474 2261 sunt
493 2206 523 2261 et
543 2203 631 2275 parvi
648 2194 804 2260 iacienda.
831 2201 883 2258 Sin
904 2201 987 2273 apud
1005 2202 1160 2260 senatores
1179 2205 1232 2261 aut

144 2346 157 2376 r
176 2319 295 2398 judiees
307 2327 360 2383 aut
372 2312 474 2383 curies
488 2322 680 2397 principales
693 2322 736 2380 ita
754 2321 812 2378 sub
831 2320 930 2380 oculis
947 2322 1049 2392 posita
1069 2322 1185 2379 inerint
1199 2324 1233 2380 ut

143 2466 157 2494 o
179 2456 303 2502 necesse
316 2441 409 2500 inerit
423 2433 476 2500 illa
497 2439 720 2514 approbatione
731 2439 890 2512 judicum,
913 2440 1022 2498 saliem
1037 2426 1149 2514 'tacita
1163 2454 1231 2501 mu-

144 2580 159 2611 «
180 2559 372 2632 nita'briese,
388 2559 458 2630 plus
483 2558 672 2630 dignationis
692 2557 816 2616 babent.
834 2579 845 2607 o
870 2589 902 2598 —
921 2580 935 2608 «
952 2569 1059 2617 xxviii.
1079 2562 1233 2634 iixemplis

146 2699 160 2728 o
180 2676 418 2750 que-publicata
431 2669 561 2750 fuerint,
575 2676 743 2749 utcumque
754 2676 858 2735 minus
873 2676 987 2735 inerim
1002 2678 1035 2735 in
1049 2691 1122 2754 usu,
1138 2694 1233 2753 quum

146 2819 160 2849 a
181 2790 284 2856 tamen
296 2796 531 2886 sermonibus-et
541 2796 816 2868 disceptationibus
826 2797 990 2856 hominum
999 2800 1111 2870 agitata
1122 2804 1151 2857 et
1160 2814 1233 2859 ven-

146 2915 267 2976 etilata
282 2916 469 2990 exstiterint,
484 2917 554 2990 plus
570 2904 759 2975 auctoritatis
780 2916 976 2975 tribuendum
996 2937 1003 2975 :
1021 2931 1181 2990 quaerero
1201 2921 1234 2979 in

146 3055 162 3090 ι
182 3037 304 3096 scriniis
322 3039 352 3095 et
373 3036 506 3094 archivis
530 3038 711 3096 manserunt
734 3026 881 3108 tanquam
901 3037 1019 3110 sepulta
1037 3042 1067 3096 et
1085 3039 1187 3111 palam
1200 3042 1234 3098 in

149 3179 161 3206 v
183 3157 370 3216 oblivionem
391 3155 605 3229 transierunt,
622 3156 726 3215 minus
743 3175 750 3213 ε
770 3157 909 3229 exempla
929 3157 1028 3231 enim,
1043 3158 1123 3217 sicut
1136 3174 1233 3234 aquae,

148 3294 161 3325 α
182 3274 216 3332 in
225 3272 397 3347 proruente
411 3272 585 3331 senissima.
601 3293 614 3320 ι
633 3275 708 3330 lton
723 3268 863 3344 exempla
877 3270 1034 3345 quideme
1052 3277 1167 3348 populo
1181 3291 1233 3350 pe-

147 3391 256 3464 tenda,
272 3389 332 3449 ista
344 3402 417 3450 vero
441 3402 546 3449 eoram
566 3388 681 3462 populo
698 3393 771 3449 nata
790 3402 856 3448 esse
871 3391 1061 3464 optandum:
1077 3391 1115 3451 iis
1130 3397 1234 3455 nescio
1308 3475 1310 3479 ι

145 3509 223 3581 quid
232 3509 360 3580 legitimi
372 3510 464 3567 inest.
476 3513 518 3568 lia
528 3509 611 3567 enim
622 3508 705 3569 'certa
714 3511 847 3582 nomque
857 3512 1002 3571 omnibus
1022 3527 1088 3574 esse
1108 3516 1235 3575 maximi

147 3630 253 3703 reteri,
268 3643 309 3689 ne
326 3630 487 3702 improvisi
502 3631 645 3689 homines
660 3631 728 3689 istis
748 3630 919 3692 teneantur.

184 3747 342 3815 Quomodo
357 3747 476 3806 servata
489 3746 552 3806 sint
567 3749 705 3821 exempla
713 3746 813 3823 operae
823 3751 955 3822 pretium
966 3755 1011 3810 est
1021 3753 1214 3813 considerare
1226 3771 1233 3810 r

148 3888 162 3922 c
180 3880 267 3928 xxiv.
287 3870 431 3943 Exempla
446 3882 512 3943 que
527 3868 567 3929 ed
585 3872 667 3943 leges
687 3865 825 3945 spectant
840 3888 904 3932 non
916 3876 1015 3947 placet
1029 3876 1067 3934 ab
1082 3876 1235 3936 historicis

148 4008 161 4039 ι
181 3987 254 4059 peti,
269 3987 324 4046 sed
339 3986 377 4046 ab
391 3988 467 4048 actis
480 3987 611 4062 publicis
630 3993 660 4047 et
672 3987 886 4049 traditionibus
901 3992 1154 4064 diligentioribus.
1166 3998 1234 4054 Ver-

151 4127 162 4156 o
183 4108 268 4164 satur
282 4106 364 4165 enim
379 4107 542 4166 infelicitas
556 4108 697 4181 quaedam
711 4110 791 4167 inter
800 4110 963 4169 historicos
983 4113 1031 4170 vel
1045 4114 1188 4185 optimos,
1206 4118 1238 4172 ut

151 4248 163 4278 c
185 4226 302 4298 legibus
317 4231 346 4286 ei
360 4229 436 4288 actis
446 4229 643 4301 judicialibus
657 4245 721 4289 non
737 4231 809 4301 satis
824 4231 1037 4307 immorentur,
1049 4238 1111 4308 aut,
1124 4235 1150 4291 si
1160 4235 1237 4293 forte

153 4368 167 4397 c
187 4347 375 4418 diligentiam
392 4350 774 4422 qriamdamadlribuerint,
787 4357 888 4411 tamen
900 4355 1065 4413 authentici
1079 4357 1169 4426 longe
1185 4370 1235 4414 va-
