2782 4868
596 375 781 436 -lil-

141 560 154 587 ι
177 532 428 608 interpretatione
443 532 546 602 logum
561 531 669 602 postea
683 541 835 600 agemus.»
849 527 936 584 Deest
951 526 1076 598 quinem
1088 527 1126 584 (16
1140 527 1231 584 inter-

140 641 313 730 pretatione
322 650 411 724 llber,
423 663 480 708 neo
491 649 568 709 alias
584 648 668 722 apud
682 651 838 707 baconum
849 647 908 705 ista
919 646 957 705 16
970 644 1235 719 parteJ'urisquiti-

140 784 237 846 quam
251 770 383 843 reperire
402 771 448 827 est
467 784 475 821 ι
491 767 542 828 bic
556 765 650 826 modo
665 766 768 836 legum
787 765 916 825 latorem
932 763 985 836 qui
999 763 1181 834 fugiendum
1196 764 1236 821 sit

138 892 252 954 vitium
266 891 300 950 in
311 889 381 964 jure
397 887 560 948 condendo
580 885 694 945 (locuit.

176 994 304 1070 Restant
324 1008 417 1080 igitur
434 1006 520 1066 modi
535 1004 719 1065 enucleandi
732 1003 811 1078 juris
826 1006 856 1062 61
869 1003 1234 1076 uacillatiojudicicmm.

180 1141 208 1187 a.
230 1133 272 1184 Dc
285 1125 383 1183 modis
396 1123 664 1196 concleocdtjcrr's
682 1128 712 1179 et
727 1121 854 1178 tollendi
866 1098 1079 1194 archipontl).
1097 1121 1237 1194 Quinque

140 1248 253 1308 monos
279 1245 323 1304 ait
344 1257 411 1303 6666
434 1247 593 1317 baconus,
610 1243 747 1318 scilicet,
767 1242 1007 1316 perscriptiones
1028 1240 1235 1314 judiciorum,

140 1367 256 1440 scripta
270 1365 456 1436 authentica,
469 1363 567 1423 libros
577 1361 753 1435 auxiliares,
770 1360 994 1434 praelectiones
1007 1372 1156 1433 responsa
1165 1374 1236 1432 pru·

140 1487 280 1546 dentum.
296 1487 338 1543 lix
348 1482 461 1557 quibus
475 1484 536 1540 tres
547 1483 667 1540 tantum
682 1479 869 1539 adoifioium
880 1479 995 1552 iudicis
1014 1479 1156 1554 attinent,
1168 1493 1235 1553 per-

141 1576 537 1679 scriptionesjudiciomm,
553 1602 667 1675 scripta
683 1602 860 1661 authentica
877 1613 1027 1675 responsa
1036 1601 1235 1679 prudentum,

139 1726 203 1783 duo
215 1723 253 1782 ad
267 1722 318 1796 ju's
329 1721 517 1794 docendum,
529 1720 600 1779 libri
611 1719 774 1778 auxiliares
788 1719 1070 1793 protectionesque.
1085 1721 1235 1793 Perscrip-

141 1810 243 1901 116666
250 1805 359 1898 autem
376 1837 565 1912 judiciomm
580 1837 721 1910 ipsorum
740 1836 806 1908 ipse
823 1833 987 1894 confitetur
1006 1839 1144 1895 baconus
1158 1838 1237 1896 nibil

141 1959 227 2019 aliud
242 1973 308 2019 esse
322 1960 431 2033 prater
446 1960 560 2032 scripta
573 1958 750 2018 authentica
765 1957 820 2032 (1).

175 2085 221 2137 De
234 2081 354 2152 scriptis
368 2077 557 2136 6611661616.
572 2098 583 2130 r
596 2090 714 2137 mxxix.
728 2080 770 2135 bx
781 2076 900 2148 legibus
915 2076 992 2149 ipsis
1002 2090 1070 2149 que
1085 2076 1136 2150 jus
1150 2090 1233 2135 oom-

142 2220 156 2249 «
177 2210 272 2256 mune
294 2196 504 2270 constituunt,
528 2195 640 2255 deinde
660 2210 697 2254 ex
721 2194 994 2255 constitutionibus
1012 2196 1077 2254 sive
1101 2196 1233 2269 statutis,

142 2337 154 2362 ι
177 2313 265 2372 tertio
285 2312 353 2372 1666
378 2326 412 2371 ex
431 2312 558 2386 judiciis
577 2312 756 2386 perscriptis
781 2325 893 2384 corpus
916 2312 996 2385 juris
1020 2314 1234 2373 tantummodo

142 2457 156 2484 «
177 2433 383 2492 constituitur.
398 2434 510 2491 Praeter
530 2432 604 2505 illa,
620 2431 681 2491 alia
695 2432 872 2492 authentica
893 2434 946 2491 aut
964 2433 1051 2492 nulla
1072 2437 1163 2492 sunto
1183 2436 1235 2492 ant

143 2579 156 2604 ι
178 2566 271 2626 parce
283 2552 512 2625 recipiuntur.»

175 2677 217 2732 be
235 2673 372 2748 legibus,
392 2673 431 2732 de
446 2674 568 2732 statutis
583 2675 662 2733 nibil
675 2678 724 2735 661
745 2676 941 2735 addendum:
960 2676 998 2735 (16
1011 2679 1232 2752 perscriptione

136 2785 327 2866 judiciorum
342 2793 465 2851 disserit
481 2796 640 2852 baconus:
660 2815 671 2844 l
688 2808 795 2855 nxxru.
811 2798 887 2854 Ante
902 2797 1018 2871 omnia,
1032 2797 1149 2868 judicia
1163 2801 1231 2857 red-

141 2933 155 2959 ·
175 2908 240 2968 dita
250 2909 284 2969 in
299 2911 393 2969 curiis
407 2912 559 2984 supremis
573 2914 603 2970 61
617 2912 840 2985 principalibus
862 2917 953 2987 atquo
967 2916 1067 2973 causis
1083 2918 1230 2987 graviori-

140 3051 153 3082 «
175 3030 243 3115 bus,
259 3031 430 3103 presertim
446 3031 558 3105 dubiis,
575 3045 703 3105 queque
719 3032 836 3105 aliquid
850 3033 965 3093 babent
980 3034 1168 3095 difficultatis
1178 3044 1231 3097 aut

141 3173 153 3204 ι
174 3151 338 3224 novitatis,
359 3149 522 3222 diligenter
537 3152 566 3208 61
581 3164 652 3209 cum
666 3149 726 3209 lide
744 3151 930 3223 excipiunto.
944 3154 1062 3212 iudicia
1077 3157 1160 3214 enim
1173 3171 1227 3215 an-

140 3295 153 3322 «
173 3271 273 3330 cborae
283 3271 386 3342 legum
399 3273 492 3345 sunt,⁴
502 3272 536 3328 ut
550 3270 632 3341 leges
653 3270 839 3343 reipublice.
850 3284 991 3331 -nxxru
1004 3273 1109 3333 bladus
1120 3275 1226 3349 buius-

138 3410 151 3440 «
172 3387 258 3447 modi
271 3387 389 3460 judicia
399 3386 570 3459 excipiendi
585 3387 614 3444 61
630 3386 1227 3458 166666161616166111161166616166666

140 3529 154 3557 «
172 3506 310 3579 precise,
325 3504 442 3578 judicia
457 3505 525 3577 ipso
538 3504 640 3562 exacte
656 3504 859 3578 prescribil03
876 3506 1011 3566 rationes
1028 3508 1224 3582 judiciorum,

141 3652 154 3680 α
174 3638 252 3702 quas
269 3629 464 3688 adduxerunt
476 3627 610 3701 judices,
627 3626 768 3700 adjicit03
785 3640 912 3687 casuum
927 3631 968 3688 ad
983 3633 1157 3703 exemplum
1171 3633 1224 3689 ad-

138 3767 151 3798 «
174 3746 336 3806 ductorum
350 3746 561 3804 auctoritatem
581 3759 650 3804 cum
667 3745 787 3803 casibus
797 3745 1019 3818 principalibus
1034 3760 1072 3805 no
1083 3750 1224 3806 commis-

139 3885 150 3914 «
172 3866 238 3925 6616
262 3886 268 3923 :
287 3867 326 3926 (16
345 3867 564 3927 advocatorum
584 3867 850 3942 perorationibus,
872 3867 932 3926 nisi
954 3867 1110 3939 quidpiam
1133 3869 1165 3927 in
1186 3871 1225 3929 116

172 4236 201 4297 (ll
223 4248 300 4287 sxxu
313 4239 339 4289 61
352 4251 412 4304 sqq.

170 4327 198 4389 (ll
220 4339 328 4379 nxxru.
