2782 4868
592 317 781 378 —188-

185 474 250 529 Non
272 485 346 529 sanc
362 471 494 529 multum
513 471 639 530 interest
660 473 741 529 inter
762 471 858 530 libros
872 469 942 530 illos
958 472 988 528 et
1008 474 1240 549 praeicctsones;

149 593 254 652 cadem
265 596 384 652 Bacono
393 593 432 650 de
442 592 578 666 utrisque
586 593 791 666 praecipienda
799 592 894 650 inissa
902 605 982 665 reor,
993 593 1137 652 eumdem
1154 596 1239 653 enim

148 713 302 783 ordinem,
322 713 460 772 eamdem
482 713 632 772 rationem
647 713 680 772 in
696 712 834 785 utrisque
848 711 990 771 servavit.
1006 713 1073 770 Non
1091 712 1187 782 igitur
1203 727 1239 770 cn

147 832 257 891 intima
271 832 429 905 utriusque
444 834 554 892 natura
568 831 654 890 venit
667 830 751 905 quod
765 831 845 888 inter
860 843 892 889 sc
907 831 1064 903 differant,
1077 831 1132 890 secl
1145 832 1239 892 unice

147 953 339 1026 cunemine,
358 967 394 1011 es
411 953 520 1012 forma.

185 1077 211 1132 l.
232 1075 389 1146 Exposttto
405 1071 495 1144 officit
504 1072 659 1128 constituti
673 1069 709 1126 de
724 1069 971 1129 translationibus
979 1086 1037 1144 per
1046 1069 1133 1144 fiaes.

181 1195 266 1248 Frate
285 1192 406 1251 definiri
422 1193 522 1264 potest
545 1213 556 1242 l
576 1191 641 1250 litis
661 1191 863 1266 compositio,
880 1192 963 1252 bona
977 1194 1076 1264 gratie
1089 1193 1236 1266 partium,

149 1335 160 1363 l
183 1329 236 1372 seu
250 1327 337 1387 vera,
354 1327 409 1371 seu
427 1313 547 1386 fictitia,
569 1313 743 1372 sinentibus
759 1326 829 1385 rege
841 1313 1083 1387 justiciariisque
1097 1316 1184 1389 ejuS,
1200 1328 1236 1373 cn

149 1456 159 1484 κ
182 1449 242 1506 qua
257 1436 336 1492 terra
346 1447 413 1506 qua
429 1434 528 1505 agitur
539 1433 573 1492 nt
588 1435 641 1492 aut
656 1432 834 1504 agnoscitur
843 1445 911 1491 esse
924 1433 1060 1491 unius...
1079 1437 1167 1490 Ftots
1180 1448 1234 1492 no-

148 1576 159 1601 ·
181 1567 252 1612 men
267 1554 373 1626 habet,
395 1554 467 1626 quia
483 1553 556 1612 finis
578 1553 749 1626 imponitur
764 1567 828 1612 non
843 1553 937 1612 modu
956 1552 1004 1610 liti
1019 1552 1166 1626 incepta,
1183 1554 1236 1612 sed

149 1693 160 1721 u
180 1672 285 1731 litibus
301 1672 423 1731 ominus
440 1674 470 1731 et
484 1671 702 1731 controversiis
717 1671 826 1731 eadem
840 1671 878 1728 de
892 1684 925 1728 re
939 1669 993 1744 (l).
1010 1693 1021 1721 o
1040 1671 1149 1730 Nullus
1166 1686 1237 1744 ager

145 1791 205 1863 fine
222 1792 454 1851 transferendus
474 1792 540 1858 est,
557 1790 618 1848 nisi
637 1789 736 1862 pretio
754 1789 889 1862 quodam
905 1802 923 1847 a
942 1802 1012 1860 rege
1026 1790 1098 1849 anto
1117 1791 1234 1879 cnacto.

146 1915 295 1982 Batauus,
310 1910 346 1967 de
360 1911 467 1982 finitos
483 1909 654 1980 disserens,
672 1911 745 1967 ante
761 1907 867 1967 omnia
888 1907 1003 1965 reditus
1018 1906 1106 1977 regni
1126 1906 1237 1964 dividit

145 2030 178 2086 in
198 2028 372 2088 ordinarios
395 2030 424 2086 ct
444 2027 715 2086 extraordinarios.
736 2030 900 2107 Postquam
926 2026 1007 2083 inter
1025 2025 1235 2084 extraordina-

146 2149 209 2207 rios
218 2151 323 2222 tetam
339 2149 472 2222 pretium
482 2149 596 2222 posuit,
612 2170 623 2199 u
636 2149 765 2221 dignum
780 2161 863 2207 essse
881 2148 987 2207 labore
1001 2161 1071 2206 meo
1081 2161 1193 2208 censeo
1210 2150 1236 2206 si

150 2293 162 2317 s
181 2269 281 2341 primo
306 2269 402 2342 probo
423 2268 497 2342 tices
520 2269 608 2342 illos,
630 2271 752 2328 exactos
776 2269 809 2326 in
833 2267 945 2327 talibus
965 2268 1235 2340 translationibus,

149 2412 163 2442 ι
182 2406 246 2451 non
259 2394 353 2452 modo
369 2393 600 2466 antiquissimos
613 2407 689 2464 esse,
703 2393 756 2451 sed
772 2393 872 2452 bonos
887 2393 917 2449 et
929 2390 1042 2450 rationi
1057 2403 1210 2462 congruas
1227 2409 1241 2448 ε·

152 2512 322 2572 «secundo
349 2502 550 2572 recentiorem
573 2516 815 2586 praesentemque
846 2510 939 2569 oflicii
967 2509 1119 2568 rationem
1144 2510 1236 2568 veteri

151 2633 399 2691 «consuetudini
423 2636 583 2706 prastare3
608 2634 713 2708 tertio,
738 2646 834 2706 quum
855 2636 913 2690 sua
927 2630 1065 2704 Maiestas
1079 2630 1153 2690 inde·
1172 2645 1236 2690 non

150 2768 162 2799 u
182 2765 309 2823 parvam
320 2753 482 2814 utilitatem
492 2755 671 2829 perceperit,
683 2755 710 2813 ei
725 2754 828 2827 licere,
839 2767 910 2812 cum
924 2751 1074 2817 modestia
1089 2752 1237 2824 quatiam,

145 2897 161 2931 ,s
183 2876 351 2935 identidem
372 2878 512 2936 eamdem
535 2891 688 2951 quarere,
703 2876 767 2936 ulla
787 2876 855 2934 sine
873 2875 957 2947 justa
972 2874 1098 2947 quercla
1118 2874 1237 2948 subjec-

149 3001 294 3056 tiorum.
315 3020 325 3048 s

183 3121 289 3176 Nonne
311 3118 361 3176 hic
382 3119 498 3176 obtinet
517 3131 569 3190 ea,
592 3130 684 3190 quam
703 3117 737 3174 in
760 3117 954 3189 praelectione
979 3130 1076 3188 nuper
1098 3116 1240 3177 laudavi-

147 3251 227 3312 mus,
238 3239 365 3298 divisio?
377 3239 540 3298 Historiam
551 3240 686 3311 primum
701 3242 806 3297 noster
821 3239 1015 3310 amplectitur
1029 3237 1241 3313 strationem,

149 3357 219 3415 dein
234 3359 331 3429 legem
346 3360 445 3430 ipsam
460 3359 599 3431 exponit,
616 3358 742 3418 tandem
754 3357 828 3430 quid
843 3358 990 3429 praterea
1006 3355 1184 3415 laciendum
1201 3358 1244 3414 sit

148 3473 246 3532 docet.

183 3591 342 3665 inscripto
358 3592 426 3664 ipso
442 3590 600 3648 immorari
615 3604 680 3648 non
696 3603 775 3649 cura
791 3589 923 3662 pretinm
935 3590 998 3661 est,
1015 3602 1115 3661 neque
1125 3589 1160 3648 in
1179 3589 1243 3649 hoc

147 3725 292 3783 magnam
312 3727 437 3786 operam
458 3712 563 3785 posuit
583 3716 721 3771 Baconus
742 3715 771 3770 et
788 3725 897 3784 parum
917 3711 1009 3771 habet
1027 3711 1158 3769 materia
1172 3724 1242 3770 mo-

147 3834 258 3907 menti,
274 3834 335 3894 nisi
350 3835 389 3894 ad
404 3836 539 3895 thesauri
554 3837 628 3908 regii
647 3837 781 3894 rationes
797 3835 947 3894 attendas.
967 3837 1031 3893 Duo
1046 3835 1151 3892 tamen
1172 3834 1243 3891 ani-

147 3955 366 4015 madvertenda
380 3961 468 4030 sunt,
487 3973 586 4018 unum
601 3959 633 4017 in
649 3959 765 4034 prima,
785 3959 915 4019 altorum
930 3958 962 4017 in
983 3956 1071 4015 tertia
1086 3956 1188 4028 parte.

182 4300 212 4363 (t)
231 4299 400 4367 Blackslone,
416 4306 433 4354 l.
451 4315 485 4368 n,
501 4316 523 4357 c.
540 4305 584 4357 tt.
