2782 4868
598 374 786 435 -tot-

148 531 249 601 legum
266 529 362 587 latore
377 528 473 586 libros
488 515 659 586 0001110011
671 527 758 600 jubet
772 527 864 586 scribi
879 531 1032 600 baconus,
1053 528 1095 587 ita
1113 543 1234 602 quoquc

148 647 219 704 libri
243 646 370 719 quidam
395 659 412 702 a
434 634 638 718 prudentibus
662 644 755 703 scribi
776 645 875 702 solent
896 645 949 718 qui
975 646 1044 718 jure
1072 647 1235 706 auxiliares

148 769 251 826 vocari
267 772 407 841 possunt.
420 772 510 839 Leges
522 769 605 826 enim
617 783 653 827 eo
665 768 797 827 condita
808 769 923 826 suntut
937 769 970 826 in
985 783 1078 828 usum
1090 771 1234 829 veniant:

147 902 212 948 non
222 892 297 978 usus
308 889 392 946 omni
403 888 516 948 auxilio
528 889 691 946 destitutus
701 902 767 948 esse
778 889 877 947 debet.
886 888 967 946 Nihil
980 889 1064 948 aliud
1075 891 1234 963 scriptum,

148 1008 258 1079 dequo
274 1021 358 1065 nunc
371 1007 540 1081 loquimur,
556 1021 649 1079 quam
665 1008 821 1066 memoria
833 1007 1005 1066 subsidium
1023 1021 1089 1065 esse
1103 1007 1235 1067 videtur.

146 1131 235 1185 tussa
249 1126 324 1196 legis
341 1117 382 1184 ad'
396 1126 525 1184 tuendas
542 1139 691 1198 personas
707 1140 725 1184 a
743 1128 842 1184 1110111
857 1128 886 1184 11
906 1126 952 1199 vi,
970 1126 1008 1185 ad
1024 1126 1237 1184 transferenda

149 1247 248 1318 bona,
265 1247 304 1304 ad
319 1246 565 1305 conservandum
581 1259 695 1305 nomen
712 1259 730 1305 a
745 1247 935 1319 turpitudine
951 1251 980 1306 11
991 1247 1120 1306 infamia
1136 1247 1238 1305 lucide

148 1366 353 1436 exponuntur·
370 1368 448 1434 Quot
462 1365 524 1423 sint
536 1364 710 1438 tribunalia,
723 1365 810 1438 cujus
821 1367 941 1436 generis
958 1380 1056 1424 causa
1068 1380 1104 1424 ex
1116 1379 1238 1438 quoque

148 1481 317 1554 pendeant,
340 1482 451 1540 deinde
473 1482 585 1554 quibus
606 1482 708 1541 modis
735 1484 788 1541 aui
807 1483 1012 1563 adquirentur
1032 1485 1084 1542 aut
1104 1483 1235 1540 transf-

149 1602 256 1658 rantur
265 1600 404 1659 dominia
414 1615 516 1660 rerum
526 1601 657 1661 breviter
667 1602 799 1676 attingit,
815 1616 909 1674 quum
921 1603 998 1661 nibil
1009 1603 1237 1675 pretermittere

150 1721 230 1778 velit.
250 1723 389 1779 Attamen
403 1735 468 1780 non
485 1722 517 1778 in
533 1722 592 1780 boc
608 1723 721 1794 scripto
741 1723 870 1781 omnino
887 1703 1080 1781 desideratur
1097 1722 1236 1793 pbiloso-

149 1837 240 1908 plria3
257 1837 331 1909 quid
350 1838 383 1894 in
403 1838 503 1910 prima
520 1842 616 1910 parte,
638 1840 708 1896 ante
723 1839 844 1909 omnia,
867 1839 1015 1910 tanquam
1037 1837 1236 1910 praecipuum,

152 1957 297 2028 tanquam
318 1957 446 2016 unicum
463 1958 539 2029 legis
563 1959 813 2030 fundamentum,
837 1959 973 2030 positum
994 1959 1060 2017 uult
1080 1962 1240 2016 baconus?

154 2099 164 2127 0
187 2078 261 2145 Quia
285 2079 388 2135 omnis
415 2092 509 2150 poena
528 2081 666 2151 exemplo
690 2093 756 2138 esse
777 2079 882 2152 debet,
906 2078 1078 2137 uidendum
1102 2081 1236 2151 estque
1295 2138 1296 2141 ,

154 2215 163 2242 0
186 2206 287 2264 prena
303 2208 321 2252 a
335 2195 516 2254 nocentibus
527 2195 696 2266 exigantur.
717 2217 728 2245 »
746 2199 781 2252 111
796 2196 956 2268 parteque
967 2195 1004 2252 ad
1014 2194 1098 2252 bona
1111 2196 1235 2266 spectat,

150 2314 233 2371 uude
249 2315 411 2387 occupanti
427 2315 600 2401 dominium
612 2317 766 2387 competat
776 2315 906 2387 quaerit:
925 2337 936 2362 ιι
952 2313 1129 2372 bominium
1140 2326 1176 2370 ex
1188 2326 1237 2370 oc-

152 2453 164 2484 0
186 2435 348 2504 cupatione
367 2434 531 2508 competit,
557 2435 582 2491 si
602 2435 669 2507 quis
684 2448 793 2505 agrum
808 2432 973 2505 quemdam
992 2431 1128 2503 inuenit,
1145 2445 1237 2503 quom

154 2574 164 2599 ι
187 2565 278 2610 nemo
293 2551 430 2624 possidet
447 2554 499 2610 aut
518 2566 607 2611 suum
624 2553 727 2611 dicere
741 2553 850 2624 potest,
868 2565 905 2610 eo
920 2552 1023 2609 autem
1037 2551 1167 2623 potitur,
1183 2563 1238 2620 po-

153 2693 164 2723 «
188 2674 260 2730 titus
270 2673 394 2745 quidem
406 2673 552 2732 dominus
568 2673 612 2732 fit.
624 2677 682 2732 Lex
696 2673 749 2730 illa
762 2673 836 2731 oriri
847 2673 968 2731 videtur
982 2686 1018 2728 111
1032 2670 1133 2729 verbis
1147 2669 1214 2726 istis
1230 2688 1236 2725 :

154 2816 164 2844 1
188 2798 312 2850 Terram
327 2794 410 2850 dedic
427 2793 500 2867 filiis
516 2794 680 2867 1100110001,
701 2793 784 2866 quod
800 2791 1034 2862 intelligendum
1050 2792 1105 2859 est,
1123 2790 1172 2847 his
1187 2789 1240 2860 qui

154 2934 165 2960 ι
188 2927 254 2971 eam
269 2915 357 2971 arant
368 2914 396 2971 et
410 2913 588 2983 frugiferam
604 2914 731 2970 faciunt.
751 2936 762 2965 0
779 2912 942 2984 occupatio
954 2912 1037 2969 enim
1053 2910 1238 2969 fundamen-

152 3037 216 3092 tum
236 3036 268 3092 111
291 3034 408 3093 ratione
430 3033 539 3106 babet,
563 3033 679 3091 scilieet
692 3032 812 3091 homini
829 3032 934 3090 labore
954 3031 1127 3103 adquiritur
1144 3029 1239 3088 domi·

151 3144 353 3214 niuminira
369 3157 473 3213 noster
492 3155 724 3213 substitutiones
747 3153 1066 3225 fideicommissarias,
1093 3154 1238 3223 tanquam

151 3275 273 3333 inutiles
284 3279 312 3333 ot
327 3276 459 3347 iniquas,
478 3275 625 3332 damnare
640 3287 704 3331 non
722 3273 848 3330 dubitat.

186 3397 323 3455 Historia
341 3411 461 3469 quoque
480 3410 553 3454 suus
568 3398 614 3454 est
632 3397 737 3466 locus3
754 3395 875 3453 nullum
898 3393 1032 3451 tribunal
1048 3391 1169 3463 attingit
1185 3395 1236 3448 Ba·

152 3530 259 3589 conns,
275 3519 349 3588 quin
364 3522 393 3578 et
409 3520 559 3590 originem
575 3532 667 3591 quam
679 3517 820 3576 habuerit
835 3517 912 3575 illud
923 3517 952 3574 11
963 3516 1038 3588 quid
1053 3516 1085 3572 in
1101 3514 1154 3571 illo
1170 3527 1236 3571 mn-

152 3637 248 3693 tatum
262 3635 352 3693 fuerit
368 3637 491 3711 doceat,
512 3654 576 3697 non
597 3639 713 3697 inscius
734 3640 832 3697 multa
850 3637 1069 3696 obscurissima
1088 3649 1154 3692 esse
1177 3633 1236 3690 nisi

152 3756 276 3814 accedat
285 3757 421 3815 historia
436 3759 552 3816 lumen.
570 3759 713 3830 Exemplo
736 3760 774 3816 sit
790 3759 1005 3833 quodcumque
1023 3756 1060 3813 do
1077 3755 1237 3813 constabu-

150 3873 234 3930 lariis
258 3875 360 3948 pecie,
388 3875 424 3933 de
450 3876 716 3935 conservatoribus
730 3876 814 3949 pacis
831 3877 914 3933 dixit.
940 3880 1005 3933 tam
1026 3875 1085 3932 alio
1105 3874 1137 3931 in
1158 3872 1236 3930 libro

152 3992 242 4063 hujus
259 3996 362 4067 scripti
384 3996 392 4069 (
398 3996 424 4068 1)
442 4010 506 4054 non
527 4010 653 4068 parvam
669 3997 828 4055 retulimus
845 3997 979 4071 partem,
999 4010 1065 4069 qua
1082 3996 1170 4053 docet
1184 4007 1237 4050 cur
