2782 4868
644 359 835 422 -rro-
904 308 908 316 ’

199 533 212 571 o
233 517 343 592 cipitur
353 515 493 590 quaesllo,
509 515 562 574 sed
575 515 762 583 descientia,
778 514 841 572 sive
853 524 938 570 error
949 510 1093 586 sitjnrls,
1106 513 1287 573 uveloch.»

197 639 262 706 Qua
272 635 309 694 de
320 640 429 695 causei
442 657 453 684 ‹
468 634 578 692 lenita
589 632 778 707 judiciorum
789 631 997 705 stabilitatem,
1013 644 1129 689 nomen
1146 633 1176 690 et
1187 635 1293 692 aucto·

201 775 212 806 ιι
234 755 353 814 ritatem
370 752 511 826 judicum
531 755 704 822 veneratur,
734 753 768 808 ut
792 751 872 809 vetet
891 748 991 807 ullum
1011 748 1136 819 allegari
1158 760 1294 808 errorem

201 898 213 926 ι
231 877 285 949 qui
298 888 406 934 eorum
420 863 513 933 laedat
526 872 618 932 fidem
638 874 668 931 et
685 871 833 944 cilicium,
856 847 969 943 eosque
989 882 1082 940 prave
1096 868 1213 926 abusos
1229 881 1294 926 esse

201 1017 213 1044 ι
233 995 300 1052 istis
315 994 522 1062 demonstret,
539 993 593 1051 sed
614 995 734 1051 tantum
752 992 878 1062 ignaros
896 989 1011 1059 baisse,
1035 991 1065 1046 et
1084 1001 1139 1046 seu
1160 988 1198 1046 de
1218 989 1293 1061 lege,

201 1133 211 1160 ι
235 1126 289 1170 seu
300 1113 339 1171 de
353 1113 433 1172 lacto
452 1112 612 1171 erravisse.
632 1132 643 1162 ι
659 1115 717 1170 cur
732 1111 780 1169 lex
794 1112 858 1168 tam
873 1110 956 1168 certa
966 1106 1083 1181 judicia
1096 1106 1293 1178 essecupiat,

198 1245 252 1289 our
263 1229 383 1304 jndices
393 1233 426 1290 in
442 1232 561 1291 honore
576 1244 719 1290 essenon
735 1230 810 1288 dicit
818 1229 1019 1288 Verulamius.

233 1356 316 1411 llanc
336 1351 592 1411 duodevicesimo
608 1351 719 1422 regule
736 1366 742 1403 :
766 1373 777 1397 ·
794 1353 929 1408 Persona
944 1348 1111 1420 conjuncta
1124 1346 1291 1418 equipara-

202 1493 213 1520 ιι
234 1473 284 1528 tur
307 1470 455 1528 interesse
474 1470 618 1543 proprio,
637 1491 649 1522 ι
666 1483 791 1528 cansam
813 1482 880 1527 esse
898 1467 1057 1527 contendit
1076 1467 1162 1539 quod
1178 1467 1228 1524 lex
1242 1480 1293 1524 na·

199 1591 273 1647 turae
289 1591 318 1647 et
333 1589 494 1660 sanguinis
508 1579 573 1648 non
588 1590 740 1649 nimorem
760 1588 894 1648 habeant
908 1589 1079 1661 respectum
1095 1601 1190 1667 quam
1204 1600 1293 1660 pecu·

199 1709 258 1766 niae
272 1709 474 1767 othonorum.
492 1712 620 1767 causam
634 1712 737 1768 autem
750 1722 849 1767 causae
863 1707 986 1766 omittit.

236 1829 382 1887 Ultimum
403 1830 576 1902 exemplum
592 1829 630 1887 ah
652 1816 883 1889 undevicesima
896 1828 1001 1899 regula
1020 1829 1179 1899 capiatur:
1200 1849 1211 1878 ιι
1228 1830 1293 1886 Non

199 1971 213 1999 ι
232 1948 360 2020 impedit
376 1950 513 2007 clausula
525 1949 717 2019 derogatoria
732 1951 898 2023 quominus
912 1950 1068 2009 abeodem
1084 1951 1235 2022 potestate
1246 1962 1292 2008 res

203 2087 216 2116 ι
235 2066 472 2126 dissolvantura
489 2067 602 2140 quibus
616 2060 857 2127 constituuntur.
876 2091 888 2119 ιι
906 2068 960 2126 llic
974 2067 1249 2126 parliamentnma
1264 2080 1295 2124 se

200 2187 208 2242 i
213 2199 269 2258 pso
285 2186 435 2257 adstringi
451 2200 541 2260 posse
553 2189 699 2260 negat'ne
716 2188 814 2258 legem
824 2187 991 2259 quamdam
1007 2198 1146 2258 unquam
1160 2185 1294 2258 abroget,

199 2306 237 2363 ab
257 2305 364 2366 eadem
378 2308 437 2366 hoc
451 2307 524 2365 ferri
544 2321 654 2381 posse,
674 2318 715 2364 ne
727 2306 791 2380 jam
806 2306 1011 2365 parliamenta
1032 2305 1105 2378 sint,
1122 2304 1177 2362 sed
1192 2304 1294 2365 omnis

93 2445 95 2447 >
200 2424 336 2492 potestas
351 2437 445 2507 penes
459 2427 570 2495 Regem
585 2425 644 2482 sita
659 2423 709 2496 sit,
720 2422 880 2481 contendit
896 2422 992 2495 «quia
1001 2422 1137 2494 potestas
1147 2432 1292 2492 suprema

206 2562 216 2590 ιι
239 2540 372 2612 seipsam
392 2541 560 2601 dissolvere
574 2544 692 2618 potest,
710 2542 805 2613 ligare
824 2556 889 2602 non
907 2543 1017 2615 potest.
1039 2563 1051 2593 ιι
1074 2544 1205 2599 Possum
1220 2541 1292 2613 quia

202 2671 350 2728 possum:
367 2672 432 2717 non
443 2659 541 2730 magis
557 2659 638 2719 valet
654 2662 868 2731 argumentum
883 2659 981 2719 nostri
998 2679 1005 2716 ι
1022 2659 1140 2745 scilicet
1153 2671 1291 2732 queren-

203 2775 277 2833 dum
287 2777 346 2835 fuit
360 2791 416 2836 cur
430 2778 566 2850 potestas
581 2792 725 2851 suprema
736 2781 870 2853 seipsam
883 2781 983 2854 possit
997 2780 1176 2853 dissolvere,
1192 2779 1226 2838 id
1240 2781 1295 2850 est,

96 2898 99 2904 '
203 2897 262 2954 sibi
282 2898 341 2969 ipsi
357 2898 537 2959 interdicere
551 2914 591 2959 ne
610 2900 685 2972 quid
698 2913 836 2975 unquam
854 2901 891 2960 dc
906 2901 992 2959 omni
1008 2912 1040 2958 re
1055 2900 1134 2975 agat,
1150 2912 1184 2957 se
1197 2899 1292 2971 ligare

205 3027 269 3072 non
284 3014 392 3091 possit,
408 3015 441 3075 id
454 3018 510 3091 est,
522 3018 580 3076 sihi
596 3019 777 3078 interdicere
793 3033 833 3077 nc
847 3019 921 3092 quid
935 3018 974 3076 de
985 3032 1016 3076 ro
1029 3031 1093 3076 una
1107 3021 1188 3089 agat.

237 3137 375 3191 Baconus
386 3147 460 3193 sane
470 3137 541 3194 ante
555 3137 663 3195 omnia
673 3137 759 3195 cordi
774 3136 883 3196 habuit
898 3131 1131 3210 philosophiam
1145 3149 1218 3195 cum
1237 3149 1296 3194 usu

204 3252 401 3325 conjungere.
424 3258 459 3312 ln
472 3253 702 3315 Prooemio'duo
718 3250 876 3316 contraria¹
892 3257 967 3317 vitia
988 3270 1054 3315 esse
1073 3255 1222 3326 fugienda
1242 3256 1292 3314 de-

203 3372 308 3444 clarat,
329 3386 429 3432 unum
447 3375 531 3447 quod
552 3377 647 3434 nimis
665 3377 703 3435 ab
727 3371 910 3436 usu'aliena
932 3377 1124 3448 invocentur,
1146 3375 1290 3446 alterum,

207 3490 291 3562 quod
301 3490 384 3548 intra
393 3491 485 3550 verha
498 3493 573 3564 legis
589 3508 637 3552 res
651 3495 836 3570 includatur,
848 3507 905 3553 nec
918 3471 1087 3568 quidquam
1096 3493 1180 3552 ultra
1189 3507 1295 3552 casum

206 3623 358 3683 quemque
374 3612 488 3672 tendat.
508 3615 574 3672 Non
592 3615 684 3686 igitur
698 3616 780 3675 intra
797 3629 886 3675 casus
906 3602 1053 3686 angustos
1066 3627 1099 3672 se
1113 3614 1291 3673 continuit:

208 3741 304 3800 quum
323 3731 424 3789 autem
443 3730 531 3790 utilia
546 3731 677 3791 scribere
691 3733 800 3808 vellet,
821 3747 930 3806 parum
948 3732 1169 3807 philosophiae,
1184 3746 1295 3804 parum

206 3847 318 3905 rationi
334 3850 504 3908 consuluit:
516 3852 579 3933 hoc
591 3852 664 3910 satis
679 3851 786 3910 hahuit
795 3852 865 3924 plus
876 3853 978 3922 patere
987 3850 1081 3911 verba
1096 3849 1190 3923 quam
1203 3862 1294 3908 casus

206 3965 486 4027 demonstravisset.

239 4087 300 4142 lloc
313 4084 347 4141 in
364 4084 443 4144 libro
460 4089 609 4158 quantum
625 4088 683 4146 sibi
705 4089 770 4161 ipse
788 4090 993 4160 consequatur
1017 4089 1121 4146 noster
1136 4087 1264 4158 apparet
1281 4104 1287 4141 :

202 4202 300 4260 multa
315 4205 399 4263 enim
414 4207 688 4281 invenienturque
704 4209 736 4267 in
752 4209 830 4268 libro
846 4209 882 4265 de
896 4209 1040 4266 Fontibus
1048 4211 1132 4281 juris
1145 4221 1202 4279 pro
1220 4221 1294 4278 prm-

203 4320 297 4392 ccptis
309 4322 421 4394 posuit.
438 4325 581 4396 Exemplo
599 4325 637 4383 sit
658 4326 761 4396 regula
783 4339 889 4385 nona:
916 4347 926 4376 ι
951 4325 1036 4393 erod
1052 4323 1187 4384 remedio
1202 4321 1293 4381 desti·
