2782 4868
605 340 774 404 -ts-
876 394 882 403 .

145 506 216 566 laedi
241 505 359 578 potest?
384 501 528 574 preterea
556 496 722 570 quantulus
750 496 784 552 in
809 493 909 567 poenis
937 492 1023 553 locus
1048 491 1173 552 relictus
1197 492 1239 552 sit

149 624 249 684 adhuc
272 620 422 682 curationi
444 617 599 678 neminem
618 616 705 688 fugit.
729 615 833 674 Nullas
848 614 940 686 igitur
958 628 1068 688 poenas
1087 629 1154 675 nou
1176 617 1237 676 ini·

149 717 226 817 quas
240 755 306 802 esse
319 739 529 801 confitendum
542 741 609 798 esti
626 737 744 798 scilicet
758 736 942 810 quicumque
949 737 1086 796 societati
1096 737 1240 810 improbe

150 863 255 935 nocet,
269 861 349 934 juste
362 859 499 932 punitur,
513 871 577 918 non
598 858 685 931 quia,
708 856 821 929 injuria
843 857 982 916 vexando
1005 856 1099 930 alios,
1125 857 1242 929 dignus

150 981 247 1042 evasit
259 980 368 1052 utipse
379 978 493 1051 injuria
506 978 666 1037 vexaretur
685 976 739 1053 (1),
759 978 813 1036 sed
827 977 909 1051 quia,
925 977 999 1035 laesa
1013 976 1178 1036 hominum
1194 990 1243 1035 so·

150 1101 271 1173 dietate,
286 1101 352 1172 ipse
366 1098 534 1172 supplicio,
551 1098 642 1157 ceteri
658 1097 796 1170 exemplo
813 1110 831 1156 a
844 1096 897 1156 tali
913 1096 1044 1154 consilio
1065 1095 1243 1154 deterrendi

153 1222 227 1278 sunt
238 1216 292 1292 (1).
308 1218 543 1277 NeaPlatonica
557 1217 681 1289 quidem
692 1216 888 1290 philosophia
896 1216 979 1275 istud
991 1216 1118 1275 omnino
1133 1215 1246 1276 ahhor-

155 1340 219 1396 ret:
241 1339 276 1396 ut
291 1337 375 1395 enim
389 1336 464 1394 boni
482 1335 655 1407 spectaculo
676 1335 764 1394 inviti
779 1348 900 1408 quoque
914 1335 1112 1408 perducimur
1131 1336 1172 1394 ad
1186 1337 1244 1396 lio·

156 1469 250 1530 num,
267 1455 310 1514 ita
330 1454 405 1514 mali
424 1454 597 1527 spectaculo
614 1455 763 1515 trahimur
777 1455 816 1514 ad
837 1456 971 1528 malum,
996 1455 1162 1529 virtutique
1178 1469 1246 1515 om·

157 1575 244 1632 nium
260 1573 356 1634 officit
365 1575 465 1633 soclus
479 1574 581 1633 unius.

192 1694 305 1755 liadem
320 1697 366 1754 est
377 1695 480 1767 legum
492 1694 628 1755 civilium
643 1693 790 1754 conditio.
806 1697 968 1768 Nunquam
983 1707 1057 1753 sano
1071 1695 1130 1754 hoo
1143 1696 1203 1754 sihi
1214 1697 1250 1754 in

157 1814 292 1872 mentem
306 1813 428 1872 induxit
450 1814 533 1872 Plato
554 1815 589 1870 ut
609 1814 690 1884 leges
713 1812 857 1872 omnibus
875 1813 997 1886 punctis
1021 1814 1167 1873 absolutae
1183 1828 1250 1874 uno

158 1933 316 1990 momento
330 1929 458 1989 flerent:
478 1930 625 2002 pristinas
638 1930 766 2003 corrigi,
787 1945 883 1992 novas
907 1932 979 1991 11111
994 1934 1078 2006 possi
1093 1932 1248 2005 previdit.

159 2052 377 2125 Quodcumque
392 2052 494 2111 autem
513 2051 547 2109 in
561 2052 699 2111 futurum
713 2052 827 2117 feratur
841 2052 1005 2111 Platonicis
1020 2052 1158 2112 consiliis
1174 2068 1250 2112 cou-

159 2172 264 2230 venire
277 2171 348 2232 volo
365 2173 394 2230 et
410 2155 520 2232 virtute
535 2171 698 2245 prodesse:
715 2185 770 2231 cur
789 2171 903 2231 feratur
923 2171 998 2230 satis
1013 2173 1104 2245 patet.
1131 2173 1252 2232 scilicet

160 2289 222 2348 alia
231 2289 368 2362 tempora
382 2289 458 2348 alias
472 2302 593 2362 quoquo
603 2289 684 2360 leges
699 2290 884 2361 reposcunt..

197 2406 326 2478 Ne'quls
345 2407 383 2465 de
398 2420 484 2467 more
498 2411 651 2467 Baconum
671 2409 790 2467 incuset
809 2414 894 2480 quod
912 2409 1046 2467 materiae
1069 2408 1160 2467 unice
1186 2411 1251 2469 stu-

163 2527 248 2601 deat,
268 2540 477 2600 necunquam
492 2527 577 2586 aliud
592 2530 701 2598 praeter
714 2528 876 2587 utilitatem
891 2528 971 2587 colat
984 2529 1154 2602 foveatque.
1170 2531 1256 2590 lnlra

164 2643 364 2717 probabimus
380 2645 425 2704 illi
442 2645 528 2704 cordi
548 2644 643 2703 tuisse
658 2647 688 2703 et
700 2645 799 2719 justas
813 2646 884 2704 terri
903 2647 984 2718 leges
1009 2650 1039 2706 et
1059 2662 1095 2706 ex
1115 2647 1253 2707 fontibus

164 2765 240 2838 ipsis
255 2753 458 2839 philosophie
473 2779 508 2825 ac
524 2766 653 2825 rationis
667 2765 718 2838 jus
735 2766 941 2826 namnidon
957 2767 1058 2826 autem
1068 2767 1196 2826 omnino
1207 2769 1253 2825 est

164 2879 203 2938 ab
226 2880 391 2939 hominum
416 2881 559 2940 societate
588 2882 761 2941 amovenda
784 2880 911 2941 utilitas.

202 3002 232 3060 si
253 3002 322 3074 quis
335 3000 476 3059 utilitatis
492 3014 584 3059 causa
603 3001 703 3071 legem
717 3001 790 3060 ferri
813 3000 903 3074 velit,
929 3001 1063 3073 primum
1080 3004 1196 3074 querat
1213 3014 1253 3060 au

165 3121 240 3179 utile
255 3119 294 3178 sit
306 3120 405 3193 legem
419 3120 587 3193 quamdam
601 3120 694 3194 terri,
711 3121 822 3179 deinde
834 3121 932 3195 qualis
946 3122 1070 3179 leuasse
1085 3121 1203 3180 debeat.

202 3243 253 3299 lll.
272 3252 313 3302 su
332 3254 423 3302 unruu
450 3254 498 3302 sru
517 3254 622 3302 nucsu
646 3255 752 3303 runnu
782 3275 813 3284 -
844 3246 901 3300 1111
927 3242 1029 3300 omnis
1044 3243 1096 3300 aut
1126 3241 1254 3300 omnino

168 3375 249 3422 nova
267 3364 313 3420 ost
326 3363 351 3420 si
376 3363 413 3420 de
428 3377 471 3421 re
482 3364 645 3423 intractata
664 3365 770 3437 fertur,
788 3366 840 3423 aut
854 3364 986 3436 antiqua
998 3363 1056 3434 legi
1073 3363 1210 3434 obrogat.

204 3485 245 3541 lte
258 3483 323 3554 lege
338 3483 466 3542 omniuo
486 3497 567 3543 noua
581 3484 659 3541 nihil
674 3488 720 3542 est
733 3484 815 3556 apud
829 3453 993 3542 Baconum.
1010 3483 1128 3541 Etenim
1141 3482 1195 3540 ubi
1210 3495 1258 3540 res

169 3615 238 3660 eam
253 3602 435 3673 reposcunt,
451 3615 545 3673 quum
564 3600 684 3658 nullam
699 3614 765 3659 1111
781 3614 859 3672 aegre
880 3600 979 3659 ferant
998 3612 1105 3658 omnes
1119 3643 1126 3672 ,
1142 3598 1259 3657 utilitas

171 3721 246 3779 satis
259 3720 350 3796 plane
368 3720 517 3778 unanimo
540 3733 694 3778 consensu
710 3720 857 3779 declarari
872 3721 968 3778 solet:
990 3732 1056 3793 que
1072 3732 1138 3777 1111
1153 3718 1260 3777 debeat

173 3836 206 3895 in
226 3838 318 3897 dubio
335 3839 393 3911 est,
411 3851 478 3896 earn
488 3837 560 3895 ferri
571 3837 680 3895 dehere
694 3851 801 3896 omnes
816 3836 1009 3896 confitentur.

211 4207 241 4269 (l)
259 4205 385 4266 Bossust,
399 4205 450 4258 loc.
466 4205 510 4258 cit.
526 4207 552 4258 7⁰
566 4217 641 4271 prop.

211 4295 244 4362 (1)
264 4296 296 4348 ll.
317 4295 435 4362 ortolan‚
450 4296 523 4350 liroit
540 4295 635 4364 penal‚
649 4299 702 4350 85„
