2782 4868
595 367 784 426 -186-

181 524 292 596 cuique
306 523 407 580 autom
422 522 507 580 casui
525 525 570 579 est
586 535 641 579 sua
657 524 770 593 regula.
789 526 823 580 lu
840 523 985 581 omnibus
1004 525 1141 583 similem
1158 526 1235 586 dixi-

145 645 264 703 sionem
286 643 424 702 obtincre
436 643 521 715 jubet
543 643 728 703 divisionem
740 648 889 715 decorius,
906 646 986 702 recte
1000 645 1138 716 quidem.
1156 646 1236 704 Nihil

145 767 228 824 enlm
242 766 305 825 siue
322 765 361 823 ad
377 764 625 837 intelligendum,
643 765 708 824 siue
728 765 765 823 ad
782 765 932 823 memoria
949 765 1118 827 tenendum
1133 765 1235 825 citica-

145 888 210 945 clus
222 898 315 960 quam
331 884 471 943 similiter
485 897 533 942 res
548 883 655 957 dividi,
666 883 720 941 ulii
731 885 842 942 natura
859 884 887 940 et
902 882 980 940 ratio
992 896 1058 940 nou
1074 885 1234 954 repugnat.
1248 877 1250 882 ’

145 1009 212 1062 llaec
233 1005 279 1062 est
294 1003 405 1063 divisio
422 1003 551 1076 Baooni,
568 1015 661 1075 quam
677 1015 786 1060 omnes
800 1001 840 1059 ad
856 1000 939 1071 leges
955 999 1121 1060 extendere
1141 1001 1212 1058 licet
1228 1021 1234 1056 :

149 1148 160 1174 ιι
181 1125 292 1195 Regale
306 1125 384 1182 duas
399 1124 491 1182 hahet
503 1126 616 1196 partes,
632 1123 764 1195 primam
776 1121 811 1177 de
826 1125 995 1193 operatione
1008 1125 1129 1195 statuit,
1147 1135 1235 1194 11111111

147 1265 160 1296 ι
182 1244 276 1302 finem
290 1244 401 1302 habeat
421 1245 586 1317 statutum3
607 1243 745 1314 alteram,
763 1241 884 1296 modom
899 1240 1063 1314 operandi,
1080 1241 1236 1314 quomodo

149 1388 160 1415 ι
182 1367 330 1424 statutum
345 1365 429 1422 hunc
450 1363 596 1422 adfinem
611 1363 777 1435 perueniat.
795 1365 858 1421 Huc
880 1362 982 1419 autem
999 1360 1098 1419 tendit
1117 1364 1153 1420 ut
1168 1374 1235 1432 pos-

150 1508 163 1535 ι
183 1485 281 1543 sideat
294 1486 384 1541 uleus
400 1497 464 1541 rem
486 1497 547 1554 qua
563 1482 659 1541 utitur
677 1502 683 1538 ι
701 1481 814 1540 modus
828 1483 883 1555 est,
905 1484 940 1539 ut
959 1483 1110 1540 statutum
1123 1482 1237 1541 utentis

149 1626 161 1653 ι
182 1603 410 1676 possessionem
427 1602 538 1661 habeat
555 1615 611 1675 pro
627 1615 708 1660 novo
730 1612 874 1674 corpore,
886 1614 922 1658 ex
933 1601 1062 1659 materia
1078 1600 1238 1672 formaque

150 1746 161 1772 ι
181 1725 299 1798 mixtis,
323 1726 462 1783 tenentes
476 1722 636 1781 materiam
660 1721 945 1798 substantiamque,
965 1704 1088 1780 utentes
1108 1719 1237 1778 formam

150 1863 162 1894 ι
184 1845 213 1900 11
229 1843 406 1915 qualitatem
422 1842 589 1914 praebeant.
604 1862 611 1890 ι

184 1968 254 2031 Qua
271 1963 310 2020 sit
324 1964 436 2021 liaconi
452 1964 544 2035 ratio,
561 1963 630 2034 quis
652 1962 727 2020 ordo
745 1963 880 2034 apparot.
895 1960 1009 2019 Eodem
1023 1960 1119 2020 modo
1135 1961 1237 2020 omnia

148 2080 223 2151 legis
240 2080 330 2138 verba
345 2081 411 2139 vult
425 2081 592 2153 explanari.
606 2085 711 2152 legem
726 2082 829 2139 autem
846 2080 879 2138 in
907 2079 1058 2152 quasdam
1076 2082 1180 2152 partes
1195 2081 1236 2137 di-

149 2201 240 2271 vidit,
258 2202 295 2259 de
308 2201 418 2274 quilius
433 2202 539 2261 eadem
555 2202 731 2273 querenda.
757 2203 801 2258 lta
817 2214 887 2259 nere
900 2213 964 2259 una
978 2202 1025 2257 esi
1040 2200 1194 2271 praeleoiio
1214 2203 1240 2258 et

153 2322 302 2395 simplex,
318 2322 421 2380 lucida
435 2323 549 2381 tomen.

184 2444 269 2498 Nunc
279 2440 318 2498 ad
329 2441 468 2512 pravisa.
484 2441 537 2498 llic
552 2442 643 2499 etiam
659 2441 874 2511 legislatorem
889 2438 995 2497 laudat
1010 2440 1118 2498 noster
1133 2458 1139 2496 :
1161 2460 1171 2489 ι
1186 2438 1238 2507 Qui

153 2562 284 2632 «legem
299 2561 379 2619 hanc
394 2561 560 2620 condidere
581 2562 635 2619 tali
660 2562 800 2620 doctrina
824 2559 906 2642 civili
928 2560 1070 2620 instructi
1094 2562 1184 2632 suut,
1209 2563 1240 2615 111

154 2703 165 2730 ιι
186 2695 250 2739 non
269 2681 362 2740 modo
387 2682 577 2752 providerint
603 2695 669 2754 qua
689 2683 831 2754 protinus
855 2696 891 2740 ox
915 2696 997 2741 nova
1024 2682 1090 2753 lege
1115 2684 1240 2742 uentura

155 2825 165 2852 ιι
188 2806 288 2862 essent
313 2804 524 2877 incommoda,
554 2804 607 2863 sed
635 2817 702 2876 qua
727 2805 873 2865 remotius
898 2806 1100 2863 consecutura
1121 2822 1129 2862 :
1151 2805 1240 2875 igitur

155 2943 166 2972 ιι
187 2925 295 2995 praeter
310 2910 398 2982 casus
413 2937 554 2995 expresso
568 2923 729 2997 praevisos,
752 2923 937 2982 addiderunt
951 2922 1011 2981 alia
1030 2922 1162 2993 precisa
1176 2936 1240 2994 (1111

154 3060 165 3090 ι
186 3041 220 3097 iu
236 3041 345 3112 seipsis
359 3055 429 3101 vere
439 3042 601 3101 continent
615 3043 707 3114 leges.
728 3064 739 3092 ιι

189 3162 318 3220 Praevisa
332 3161 374 3220 ita
391 3162 501 3222 dividit
513 3167 670 3222 Baconus:
688 3162 748 3220 alia
763 3161 802 3219 ad
823 3161 921 3230 legem
940 3161 1097 3233 proxime,
1114 3161 1175 3220 alia
1199 3172 1242 3216 re-

153 3284 235 3341 mote
252 3285 400 3356 spectant.
417 3285 596 3356 Exemplum
611 3285 650 3365 sit
664 3284 863 3342 remotiorum
879 3301 886 3355 3
906 3301 920 3332 ι
936 3281 992 3338 Ubi
1007 3280 1168 3352 provisum
1183 3283 1244 3339 erat

157 3421 167 3449 ιι
189 3402 301 3460 statuto
318 3419 425 3458 1111111111
442 3403 535 3461 deleri
550 3404 647 3461 mulla
667 3405 849 3461 testamenta
863 3403 933 3460 ante
956 3402 1085 3473 scripta,
1107 3400 1146 3458 de
1162 3401 1245 3457 testa·

157 3541 167 3566 ι
189 3519 301 3576 meniis
319 3519 399 3576 facta
419 3521 464 3577 est
486 3520 599 3590 regula.
617 3543 627 3570 ιι
646 3523 712 3578 Non
728 3521 815 3578 aliter
830 3521 867 3578 de
883 3520 1042 3578 usufructu
1055 3516 1172 3587 vidua,
1191 3518 1245 3575 etc.

190 3643 257 3697 llaec
280 3642 382 3699 autem
402 3641 532 3714 praevisa
547 3656 617 3700 cum
639 3643 740 3700 ositos
763 3644 934 3701 arctissima
957 3641 1100 3700 societate
1115 3640 1245 3711 conjun-

154 3763 276 3833 guntur,
294 3763 356 3820 imo
373 3763 545 3821 necessaria
563 3783 569 3822 :
590 3785 601 3812 ιι
617 3764 688 3832 Quis
704 3771 802 3821 11111111
823 3777 888 3822 esse
909 3762 1023 3836 possit,
1044 3761 1113 3832 quis
1133 3773 1198 3819 non
1216 3790 1245 3797 -

157 3899 168 3929 ιι
190 3881 259 3951 quis
285 3887 384 3956 uicos,
406 3883 475 3954 quis
496 3896 560 3941 non
577 3915 607 3923 -
625 3884 693 3956 quis
722 3899 808 3940 11111111
833 3882 1017 3941 constituere
1037 3880 1158 3951 possit,
1180 3877 1248 3949 quis

157 4021 170 4048 ·
190 4014 266 4059 non.
290 4020 301 4051 ιι

191 4118 379 4178 divisionem
391 4123 471 4181 hanc
487 4125 604 4184 latioris
620 4121 1076 4196 (11111111111111111111111111111
1092 4123 1248 4185 liaconus3

156 4251 229 4296 nam
245 4240 303 4298 tria
317 4243 493 4301 considerat
511 4263 517 4300 :
535 4245 691 4316 quomodo
708 4245 846 4304 oriantur
861 4259 945 4316 111111,
962 4240 1117 4315 quomodo
1133 4237 1248 4297 exstin-

149 4361 297 4434 guantur,
313 4363 469 4433 quomodo
487 4377 551 4422 1111
567 4365 710 4424 habeant..
