2782 4868
602 353 643 367 ...
668 321 726 383 102
748 356 789 366 .-

145 477 255 550 ciente,
266 476 332 552 jam
351 476 424 551 ipsa
444 477 626 550 quamdam,
643 477 677 535 ut
690 476 734 536 ita
748 475 865 549 dicam,
880 474 978 549 legem
997 477 1037 539 ue
1045 492 1239 558 unoquoque

145 611 219 657 casu
233 597 347 657 omisso
362 597 473 658 ierant.
487 599 547 656 Nee
562 596 648 657 satis.

183 739 196 769 ι
216 730 320 778 xxxiv.
335 717 472 777 Habento
482 719 574 777 euriae
586 717 736 778 censoria
745 717 996 791 jurisdictionem
1006 721 1241 800 etpotestatem,

147 861 160 889 ι
179 853 244 899 non
260 840 379 898 tantum
394 852 476 899 noua
489 839 600 898 delicta
615 838 778 912 puniendi,
794 839 849 898 seri
864 839 956 899 otiam
970 853 1081 913 poenas
1092 842 1240 914 alegibus

147 977 159 1006 ι
179 957 361 1016 constitutas
370 971 426 1031 pro
437 956 712 1017 delictisveterihus
724 958 901 1031 augentiisi
912 972 1001 1019 casus
1010 960 1133 1021 fuerint
1142 962 1239 1023 odiosi

148 1099 161 1126 ι
180 1077 211 1134 et
228 1089 387 1150 enormes,
402 1077 495 1137 motio
510 1091 575 1136 non
591 1077 654 1137 sint
674 1077 829 1151 capitales.
845 1081 977 1139 liuorme
991 1082 1076 1140 enim
1089 1085 1240 1157 tanquam

149 1216 160 1246 ι
180 1209 296 1256 novum
310 1197 366 1255 est.

184 1339 196 1368 ιι
216 1330 308 1376 xxxv.
324 1312 461 1375 Habeant
474 1315 616 1375 similiter
625 1316 716 1374 ouria
730 1314 881 1388 pratoriae
892 1316 1075 1388 potestatem
1090 1317 1157 1377 tam
1171 1317 1238 1377 sub·

148 1460 160 1488 ιι
180 1437 326 1499 veniendi
340 1439 447 1497 contra
456 1438 589 1510 rigorem
600 1436 687 1511 legis,
699 1449 793 1510 quam
807 1436 973 1509 supplendi
987 1436 1146 1497 deiectum
1155 1438 1240 1511 legis.

149 1576 162 1606 ι
183 1555 213 1614 Si
232 1554 316 1614 enim
334 1555 433 1628 porigi
451 1554 540 1614 debet
554 1553 724 1613 remedium
738 1552 767 1612 ei
781 1567 872 1627 quem
893 1553 941 1612 lox
959 1553 1122 1628 preteriit,
1143 1554 1240 1615 multo

150 1694 162 1726 ι
181 1674 279 1747 magis
290 1675 420 1749 atquem
434 1675 617 1736 vulneravit.
638 1697 650 1726 ι

182 1798 293 1855 Parum
306 1798 353 1854 est
370 1815 379 1853 ε
399 1816 411 1846 ιι
427 1807 490 1855 xus.
506 1796 540 1854 in
561 1793 654 1853 curiis
664 1793 819 1873 censoriis
827 1793 966 1852 omnium
986 1804 1175 1864 magnorum
1184 1794 1240 1854 ori·

149 1935 161 1965 ι
182 1915 303 1974 minum
321 1917 350 1973 et
371 1915 519 1973 scelerum
534 1915 621 1973 aetus
636 1912 773 1972 inchoati
796 1915 825 1972 et
844 1913 938 1972 medii
956 1913 1146 1986 puniuntor,
1172 1914 1242 1975 lieet

150 2053 162 2082 ι
182 2046 246 2092 non
262 2034 406 2106 sequatur
421 2032 545 2092 effeetus
562 2034 803 2107 consummatus,
814 2035 898 2106 isque
910 2035 952 2090 sit
966 2036 1242 2093 commentatorum

150 2173 162 2202 ι
183 2168 254 2210 urus
269 2153 316 2210 oei
324 2157 478 2211 matrimus
490 2172 502 2212 :
516 2168 611 2227 quum
621 2156 651 2212 et
666 2154 834 2214 seueritatis
852 2153 973 2212 intersit
986 2153 1076 2212 initia
1088 2154 1242 2214 scelerum

150 2270 288 2344 «puniri
313 2272 342 2329 et
365 2271 534 2330 clementia
556 2269 815 2344 perpetrationem
835 2280 942 2329 eorum
967 2267 1141 2340 (puniendo
1157 2270 1244 2330 aetus

150 2411 165 2442 ιι
183 2391 316 2464 medios)
331 2390 483 2464 intercipi.
500 2412 512 2443 ι
550 2393 553 2399 ·

151 2577 152 2580 ¹
183 2509 317 2566 Alterum
343 2509 421 2566 iliud
440 2522 556 2567 munus
577 2509 658 2566 nihil
680 2508 765 2568 aliud
784 2510 831 2567 est
852 2522 945 2582 quam
959 2508 1123 2582 judicibus
1137 2514 1241 2583 potes·

148 2629 241 2686 tatem
255 2627 389 2701 permitti
403 2628 479 2699 legis
497 2627 671 2702 mutantia,
690 2628 766 2699 logis
781 2631 883 2687 autem
898 2628 977 2687 alius
999 2627 1038 2687 rie
1052 2625 1244 2704 unoquoquo

76 2759 77 2764 ’
147 2759 223 2806 easu
241 2747 385 2806 ferenda
414 2749 492 2816 Quot
513 2749 543 2805 et
561 2749 679 2820 quanta
697 2748 898 2808 incommoda
919 2749 991 2807 inde
1006 2750 1122 2822 queant
1136 2763 1243 2810 exsur-

132 2869 134 2872 ’
149 2882 218 2940 gere
233 2869 326 2927 sentit
340 2869 405 2942 ipse
419 2873 557 2928 Baeonus
574 2889 582 2927 ε
599 2870 711 2943 quibus
728 2870 901 2929 remedium
920 2870 1028 2928 aiierre
1042 2873 1188 2931 conatur.

188 3009 200 3039 ι
220 2999 335 3047 xxxvu.
350 2987 583 3048 iurisdictiones
604 2989 669 3047 istae
684 2990 718 3048 in
737 2990 891 3063 supremis
905 2990 1026 3049 tantum
1045 2990 1141 3050 ouriis
1166 2992 1242 3051 resi·

152 3127 164 3156 ι
185 3103 288 3176 uento,
304 3119 362 3165 nee
375 3107 416 3165 ati
430 3106 590 3166 interiores
606 3108 888 3167 communicantur.=
899 3111 1009 3167 Parum
1025 3107 1110 3167 euim
1125 3108 1243 3170 abesta

152 3225 332 3295 «potestate
362 3225 443 3296 leges
466 3225 620 3284 condendi
644 3226 778 3298 potestas
806 3239 857 3284 eas
878 3224 1043 3299 supplendi
1062 3228 1116 3286 aut
1136 3231 1242 3287 exten-

154 3364 165 3392 ιι
187 3343 282 3401 dendi
296 3346 349 3401 aut
360 3343 555 3402 moderandi.
1023 3340 1025 3343 ’

189 3482 201 3512 ι
222 3475 350 3521 xxxvru.
373 3463 519 3534 Atouria
541 3463 601 3522 illa
623 3465 679 3522 uni
703 3465 770 3525 viro
795 3479 836 3525 ne
854 3466 1100 3540 committantur,
1124 3467 1181 3526 sed
1207 3483 1244 3527 ex

154 3601 165 3629 ι
186 3579 325 3653 pluribus
340 3582 493 3658 constent,

190 3722 203 3750 ι
220 3714 290 3759 xuv.
299 3701 386 3774 Apud
400 3702 727 3774 nonnullosreoeptum
738 3704 784 3760 est
797 3704 832 3760 ut
837 3701 1011 3775 jurisdictio
1024 3716 1092 3775 quae
1103 3702 1246 3763 desernit

154 3841 166 3867 ι
186 3819 357 3877 seeundum
379 3832 501 3891 aequum
523 3823 553 3876 et
576 3819 694 3878 bonum
717 3821 807 3892 atque
827 3819 881 3877 illa
900 3820 994 3878 altera
1014 3833 1081 3892 quae
1099 3821 1245 3891 procedit

154 3960 167 3987 ι
184 3938 353 3996 seeundum
367 3938 418 4010 jus
433 3937 596 4011 seriptum,
611 3939 722 3998 iisdem
737 3939 830 3997 curiis
847 3939 1046 4014 deputentur,
1061 3939 1147 4012 apud
1162 3940 1245 4000 alios

44 4081 57 4114 ,¹
154 4077 165 4106 ι
189 4057 306 4130 autem,
321 4060 356 4115 ut
370 4058 508 4117 diversis.
525 4058 657 4117 Omnino
676 4059 777 4130 piacet
791 4058 945 4117 curiarum
959 4057 1123 4131 separatio.
1139 4059 1245 4131 Neque

152 4191 165 4223 ι
185 4171 269 4230 enim
282 4172 451 4231 servabitur
460 4171 616 4232 distinctio
630 4187 772 4248 casuum,
787 4173 814 4258 si
828 4172 881 4232 fiat
897 4171 1073 4232 commixtio
1092 4172 1242 4246 jurisdic-

152 4312 164 4341 ιι
177 4266 303 4350 tionum
309 4310 319 4366 ,·
337 4293 391 4351 seri
407 4293 566 4353 arbitrium
582 4293 680 4366 legem
695 4294 819 4354 tandem
834 4293 943 4353 trahet.
963 4316 974 4344 ι
