2782 4868
601 312 789 374 -lol-

136 430 304 546 ⁸orontio,
332 468 454 542 politice
479 466 647 526 admodum
676 465 838 537 assignata
868 464 956 538 sunt;
988 475 1112 538 semper
1138 466 1243 525 tanum

156 613 168 641 o
188 591 339 650 reservata
353 590 399 647 cst
411 600 524 659 magna
539 586 573 646 'et
594 585 800 659 preeminens
810 582 986 657 jurisdictio
1002 583 1137 644 consilio
1152 597 1244 645 sance

155 733 167 762 α
186 712 257 771 tiori
276 711 355 782 regis
370 711 403 769 in
421 709 522 768 causis
542 721 609 781 quae
626 708 676 767 vel
694 706 834 779 exemplo
854 706 903 766 rel
918 705 1142 779 consequentia
1155 706 1244 778 regni

154 834 300 891 «statum
320 830 478 904 publicum
501 841 680 903 oppugnare
704 829 734 886 et
756 825 931 885 convellere
955 827 1100 899 posseni3
1121 841 1193 899 quau
1216 827 1243 884 sl

154 975 164 1003 u
187 952 361 1013 criminales
383 949 509 1022 fuerint,
534 948 761 1008 consueverunt
785 946 943 1006 consiliari
966 946 1000 1004 ln
1020 958 1146 1007 camera
1160 946 1243 1021 (quae

153 1093 164 1121 r
184 1073 312 1131 uocatur
325 1069 468 1143 stellata),
484 1069 511 1126 si
527 1067 645 1139 civiles,
660 1066 694 1123 in
707 1077 829 1123 camera
841 1064 890 1124 vel
903 1065 974 1124 aula
991 1064 1097 1138 (quam
1113 1067 1240 1136 uocanti

152 1210 164 1238 α
184 1189 255 1248 alba
269 1187 443 1247 convenire.
456 1188 490 1245 lt
503 1184 765 1260 quemadmodum
780 1183 964 1243 cancellaria
975 1184 1027 1259 jus
1042 1186 1239 1260 pretorium,

152 1329 164 1359 o
185 1308 228 1366 ita
242 1320 363 1365 camera
378 1306 498 1364 stellata
509 1305 561 1379 jns
576 1304 752 1363 censorium
765 1303 777 1379 l
781 1304 915 1378 demptis
927 1307 1028 1364 tamen
1041 1307 1241 1383 capitalibus)

152 1451 165 1478 n
186 1426 332 1487 imitatur.
348 1428 410 1485 lsta
423 1428 526 1484 autem
540 1427 625 1484 curia
639 1439 767 1486 camera
783 1427 909 1486 collato
920 1440 956 1486 ex
965 1426 1056 1486 bonis
1066 1431 1241 1502 composita

151 1564 164 1595 o
184 1545 231 1602 est
249 1542 419 1602 elementis.
441 1545 484 1601 Ex
503 1544 635 1616 quatuor
653 1542 737 1601 enim
757 1543 919 1614 generibus
933 1557 1139 1618 personarum
1155 1560 1240 1607 com·

151 1688 162 1716 u
183 1665 276 1725 mista
289 1665 350 1738 est,
367 1663 552 1722 consiliariis
567 1663 663 1738 regis,
677 1663 874 1738 proceribus,
889 1664 1023 1738 prolatis
1039 1668 1069 1725 et
1079 1661 1241 1741 judicibus

150 1805 162 1834 l
183 1784 313 1843 aliaurnr
327 1781 481 1841 curiarum
494 1779 726 1853 principalibus.
745 1781 843 1840 liliam
860 1783 991 1855 quatuor
1009 1797 1175 1844 musarum
1189 1798 1239 1857 gc

150 1919 162 1948 o
182 1910 257 1956 nera
278 1897 430 1969 praecipue
451 1898 560 1954 tractat
577 1915 584 1952 ι
599 1896 663 1955 vim
682 1894 800 1955 illatam
816 1916 824 1955 ι
840 1897 964 1957 fraudes
981 1918 988 1956 :
1006 1900 1140 1959 crimina
1153 1902 1241 1962 varia

150 2035 160 2063 o
183 2011 395 2072 stellionatus:
419 2011 448 2070 ct
462 2010 681 2069 inchoamenta
697 2012 761 2071 sive
776 2014 862 2071 actus
879 2013 1015 2089 medios,
1038 2015 1091 2088 qui
1106 2020 1241 2089 vergunt

149 2157 161 2186 r
182 2135 221 2194 ati
236 2133 367 2194 crimina
381 2131 536 2206 capitalia,
553 2135 605 2192 aut
625 2133 701 2192 alias
721 2132 853 2204 atrocia,
871 2135 942 2194 licet
956 2150 1118 2210 nunquam
1131 2140 1239 2200 aetua-

148 2281 160 2310 «ι
180 2259 249 2318 liter
262 2257 428 2318 commissa
442 2258 471 2314 et
485 2256 657 2329 perpetrata
671 2254 788 2313 fuerint
803 2253 857 2330 (l).
877 2278 889 2308 o

179 2381 272 2440 Nobis
286 2381 401 2452 autem,
418 2392 484 2437 non
502 2377 670 2452 Britannis,
695 2377 871 2436 Britannica
892 2378 1032 2451 exempla
1054 2380 1131 2453 quid
1156 2395 1238 2455 pon·

146 2499 370 2560 derlshalteant
379 2498 513 2571 quidque
526 2498 599 2557 velit
609 2498 685 2558 ratio
696 2498 768 2557 licet
782 2513 929 2572 quaercre.

181 2626 300 2680 Bacono
316 2620 377 2679 duo
397 2619 470 2677 sunt
491 2621 672 2690 argumenta
688 2638 696 2677 ι
712 2626 778 2680 non
796 2622 942 2681 omnibus
958 2623 992 2681 in
1017 2623 1140 2683 casibus
1161 2627 1239 2686 salis

146 2754 265 2815 aqum
278 2753 344 2798 esse
356 2740 454 2811 legem
468 2743 498 2797 el
512 2739 580 2798 ideo
596 2739 767 2799 secundum
788 2742 962 2814 equitatem
981 2743 1094 2816 ubique
1118 2746 1237 2820 tempe-

145 2862 207 2920 rari
215 2861 313 2920 solere
321 2861 403 2932 leges
414 2861 467 2918 aut
476 2859 611 2932 suppleri
624 2878 631 2917 :
647 2862 739 2918 «llaec
753 2863 798 2918 est
808 2873 889 2920 nova
904 2861 1124 2934 doctrinaque
1135 2863 1239 2935 legem

148 3004 160 3034 o
180 2984 209 3040 et
228 2981 401 3054 nouitatem
425 2979 506 3038 inter
527 2993 715 3053 repugnare
735 2981 818 3038 lacit.
832 2981 921 3039 Nulla
940 2983 987 3040 est
1005 2981 1062 3040 sul)
1084 2983 1164 3042 coelo
1187 2985 1239 3044 lcr

148 3126 160 3155 t
181 3117 249 3176 quae
263 3115 328 3161 non
342 3101 483 3175 conlate
496 3101 674 3173 suppleatur
689 3120 696 3157 :
713 3113 787 3158 narn
805 3116 953 3157 summum
966 3105 1030 3176 Jos,
1053 3118 1173 3161 comma
1188 3108 1237 3162 io·

148 3245 161 3276 e
174 3228 277 3295 jorio,
294 3225 360 3297 aui,
376 3227 411 3280 ut
421 3222 547 3295 quidam
562 3221 685 3297 dicuni,
701 3239 820 3279 summe
836 3221 894 3293 lew,
906 3239 1120 3284 sommooruoe.
1131 3228 1237 3302 AEqui-

150 3365 163 3392 «
181 3343 274 3400 tatem
288 3341 379 3412 igitur
394 3354 502 3398 omnes
518 3341 660 3399 nationes
677 3341 806 3414 habeon
823 3342 877 3400 sed
892 3343 925 3401 in
943 3343 1013 3402 aliis
1026 3357 1063 3403 ea
1080 3359 1152 3405 oum
1168 3348 1239 3422 lege

150 3460 276 3520 «mixta
289 3462 334 3518 cst
352 3459 386 3517 in
406 3459 514 3518 eadem
529 3460 637 3534 curia,
657 3461 741 3534 quod
758 3461 845 3535 peius
868 3465 927 3537 est3
944 3464 976 3522 in
999 3464 1081 3540 aliie,
1103 3467 1238 3528 diverse

147 3604 160 3632 ι
180 3583 252 3639 sunt
266 3578 375 3654 curia,
393 3578 476 3653 quod
487 3578 582 3637 satius
598 3579 653 3653 (a).
672 3602 684 3631 υ

180 3704 416 3776 nuplexmunus
430 3702 584 3761 curiarum
594 3703 721 3764 istarum
733 3705 907 3782 cssejuhct,
924 3708 1144 3782 scilicetutjus
1159 3725 1238 3788 sup-

180 4179 210 4243 (il
230 4179 345 4232 Historia
356 4180 432 4246 regni
445 4180 522 4246 legis
535 4179 640 4234 lienrici
652 4195 704 4234 vu.

180 4269 210 4330 tit
229 4268 281 4322 lhe
291 4268 462 4335 jurisdiction
474 4268 502 4322 ol
512 4269 558 4325 the
569 4270 709 4329 marches.·;
