2782 4868
648 395 838 458 -lta-

563 632 678 719 ululo
720 630 929 717 sutuluull.

414 875 454 925 be
474 866 709 927 Praelecta'onibus
728 872 757 922 et
777 865 871 922 Libris
886 863 1078 937 prudentum.

233 1093 286 1148 tus
305 1094 443 1148 baconus
463 1088 586 1160 docuit,
610 1088 725 1147 sivein
748 1087 876 1158 scholis,
899 1087 963 1147 sive
986 1086 1168 1159 inscriptis.
1186 1088 1290 1161 lgitur,

200 1215 365 1286 postquam
386 1213 424 1271 do
446 1211 532 1271 libris
550 1211 750 1271 auxiliaribus
772 1224 790 1268 a
810 1210 912 1281 legum
932 1209 1029 1268 latore
1048 1209 1172 1281 scriptis
1195 1210 1291 1269 disse-

202 1332 337 1403 ruimus,
353 1332 391 1389 de
406 1329 669 1403 pralectionibus,
687 1328 862 1400 descriptis
883 1326 1098 1387 disserendum
1116 1348 1122 1384 :
1142 1341 1291 1401 quorum,

202 1449 263 1507 nisi
276 1451 444 1522 praecepta,
462 1449 601 1521 exempla
614 1449 694 1506 certe
709 1461 727 1506 a
744 1449 850 1506 nostro
866 1446 1040 1506 traduntur.

237 1569 259 1622 l.
280 1577 320 1622 nu
338 1577 624 1624 runuucnrouraus.
646 1595 677 1605 -
695 1567 760 1622 Una
780 1564 905 1636 quidem
925 1563 1008 1636 apud
1030 1568 1188 1623 baconum
1209 1578 1292 1638 repe·

204 1681 295 1754 uitur,
316 1694 409 1753 quam
427 1681 535 1739 habuit
554 1681 593 1739 ad
615 1681 779 1752 collegium
801 1680 956 1752 quoddam
971 1681 1163 1754 ineundum,
1180 1683 1219 1740 de
1232 1689 1292 1740 sto-

200 1808 263 1858 tuto
278 1817 384 1857 usuum
401 1800 455 1872 (t).
474 1804 507 1858 ln
523 1814 584 1872 qua
598 1814 662 1859 non
683 1800 758 1872 quid
778 1799 816 1857 de
836 1799 935 1855 osibtu
952 1801 1074 1872 jussum
1091 1801 1200 1873 fuerit,
1219 1802 1291 1874 quid

204 1923 392 1994 dubitatum,
409 1922 481 1993 quid
495 1922 687 1993 judicatum,
704 1913 758 1978 sed
769 1921 843 1992 quid
860 1921 892 1980 in
909 1921 995 1980 omni
1009 1921 1138 1980 materia
1154 1923 1291 1981 conside-

204 2041 357 2115 randum,
380 2040 537 2114 quomodo
559 2054 595 2098 ea
617 2042 657 2098 sit
678 2041 910 2116 amplectenda,
935 2042 1004 2114 quis
1025 2042 1101 2101 ordo
1125 2043 1293 2102 servandus

205 2171 392 2233 quaeremus,
408 2173 561 2218 memores
575 2173 650 2219 sane
663 2160 716 2218 ubi
732 2161 930 2220 disseramus.

239 2284 314 2338 Usus
335 2285 380 2340 est
399 2281 518 2342 fiduciae
544 2284 701 2356 quoddam
722 2298 819 2357 genus
843 2300 879 2344 ex
905 2300 966 2359 quo
993 2287 1046 2358 qui
1071 2289 1185 2346 terram
1214 2289 1294 2346 tenet

204 2416 272 2461 eam
292 2403 405 2462 habere
425 2405 595 2465 secundnm
616 2406 775 2466 arbitrium
798 2409 912 2468 utentis
937 2410 1056 2480 cogitur
1080 2422 1210 2483 eumque
1235 2411 1293 2469 frui

205 2523 345 2594 patitur(
370 2523 389 2598 l.

240 2642 347 2698 omnis
365 2646 534 2716 preceptor
552 2648 600 2704 cui
622 2662 686 2706 uon
707 2649 866 2707 materiam
886 2649 1053 2722 quamdam
1072 2649 1182 2708 docere
1201 2664 1291 2723 pras-

205 2756 344 2831 cribitur,
361 2760 472 2832 eligere
486 2776 559 2821 vero
574 2777 641 2824 eam
656 2765 741 2839 licet,
754 2781 818 2825 non
832 2767 957 2826 fortuito
974 2780 1041 2826 eam
1057 2780 1179 2826 sumere
1195 2768 1292 2841 debet,

205 2874 276 2946 sed,
294 2889 389 2947 quum
404 2877 514 2937 alionis
527 2879 623 2952 jussis
637 2881 715 2940 liber
729 2884 785 2957 sit,
802 2899 869 2957 qua
886 2886 1014 2944 rationis
1030 2887 1096 2945 vice
1111 2887 1292 2960 habeantur,

205 2993 318 3051 rationi
338 2996 507 3054 consulere.
529 2999 624 3068 lgitur
644 3002 714 3059 ante
735 3002 841 3061 omnia
862 3007 1000 3063 baconus
1020 3018 1075 3064 cur
1099 3022 1209 3063 usuum
1235 3009 1291 3065 sta-

205 3115 304 3173 tutum
324 3114 447 3187 elegerit
462 3118 551 3178 docet
567 3139 574 3177 ε
594 3143 605 3170 ι
622 3122 730 3195 optavi
744 3137 845 3183 meam
857 3126 1085 3198 praelectionem
1098 3141 1166 3187 esse
1180 3129 1218 3186 de
1234 3130 1291 3187 sta·

207 3255 219 3284 u
241 3235 306 3295 tuto
320 3252 443 3309 usuum,
460 3238 494 3295 in
509 3240 639 3312 septimo
655 3243 685 3298 et
698 3243 845 3302 vicesimo
860 3258 944 3304 anuo
956 3247 1077 3305 Henrlci
1088 3249 1193 3308 Octavi
1203 3249 1292 3323 facto,

207 3375 219 3403 t
241 3356 274 3412 in
295 3371 355 3428 quo
376 3361 532 3430 usquead
553 3361 634 3422 hauc
656 3363 739 3422 diem
758 3365 851 3438 hujus
871 3368 957 3439 regni
978 3368 1117 3428 dominia
1131 3370 1292 3444 vacillant,

208 3493 220 3522 ι
242 3475 389 3548 tanquam
408 3492 503 3537 naves
524 3481 556 3537 in
577 3483 672 3556 mari,
694 3486 729 3541 ut
748 3485 873 3546 difficile
892 3489 931 3546 sit
952 3489 1028 3549 scire
1042 3504 1110 3564 qua
1126 3493 1201 3550 ratis
1218 3506 1292 3552 nau-

240 3816 272 3880 (l)
289 3816 342 3870 The
360 3817 470 3873 learned
490 3820 602 3887 reading
621 3822 649 3876 ol
669 3826 701 3878 Μ’
721 3825 828 3880 Francis
844 3827 944 3892 bacon,
968 3841 1019 3882 one
1038 3828 1067 3882 oi
1086 3830 1139 3884 ller
1156 3831 1293 3899 llajesty's

203 3905 331 3960 conusels
343 3910 370 3960 at
379 3907 440 3973 law,
452 3922 525 3976 upon
537 3911 582 3966 the
591 3915 688 3969 statute
700 3915 729 3969 oi
740 3929 817 3983 uses,
829 3916 911 3984 being
922 3917 966 3972 his
976 3917 1075 3974 double
1086 3921 1201 3988 reading
1211 3925 1239 3976 to
1249 3923 1295 3976 the

204 3997 371 4052 bononrable
383 4000 486 4067 society
499 4002 527 4054 oi
542 4003 634 4070 Gray's
646 4006 706 4059 lnn.

241 4091 270 4152 (t)
293 4108 303 4135 u
323 4090 342 4142 b
360 4104 408 4144 nse
424 4091 447 4144 is
461 4106 477 4144 a
490 4093 644 4149 confidence
659 4098 774 4164 reposed
789 4099 817 4152 iu
831 4099 944 4154 another
958 4101 1018 4155 who
1032 4115 1088 4156 was
1103 4106 1196 4158 tenant
1208 4104 1237 4158 of
1247 4106 1293 4163 the

208 4198 219 4224 u
238 4178 344 4233 laudor
357 4184 549 4248 terra-tenant,
569 4185 625 4238 thal
641 4187 675 4240 he
689 4187 787 4242 should
802 4190 910 4256 disrrose
927 4190 956 4244 ol
967 4191 1012 4246 the
1027 4193 1091 4248 land
1104 4196 1251 4263 according
1265 4201 1292 4250 to

207 4287 217 4312 ι
238 4267 284 4320 the
297 4268 443 4324 intentions
455 4271 484 4326 ol
499 4277 586 4343 cestuy
598 4289 647 4343 que
663 4290 723 4342 use,
736 4279 834 4332 orbim
849 4282 876 4334 to
891 4281 983 4335 whose
995 4295 1045 4336 use
1057 4284 1078 4337 it
1091 4298 1146 4338 was
1158 4285 1290 4351 granted,

139 4372 155 4399 κ
208 4377 219 4402 «
240 4357 290 4410 aud
303 4360 386 4415 sotter
397 4360 453 4414 him
466 4365 492 4416 to
508 4363 567 4417 lake
581 4365 627 4420 the
638 4367 741 4433 produ.
756 4389 766 4416 r
780 4368 958 4438 (blackstoue,
973 4374 991 4426 t.
1006 4385 1040 4440 u,
1054 4385 1077 4426 c.
1093 4375 1145 4439 ab)
