2782 4868
605 380 795 443 -llv-

153 536 255 608 magis
269 536 321 594 aut
335 533 440 592 minus
459 534 562 604 patere
582 547 674 606 quam
694 535 742 593 lex
762 533 888 607 jusserit
901 533 1006 607 faeiat,
1023 532 1160 594 clausula
1174 533 1244 594 talis

153 658 214 730 legi
230 657 379 730 repugnet
393 666 533 727 vanaque
548 654 597 712 sit.
617 654 690 712 Dein
705 654 790 714 voois
807 667 932 712 sensum
947 653 1056 727 quent
1072 675 1079 712 :
1098 673 1112 706 α
1128 657 1246 728 Loquar

152 799 165 826 ι
189 777 292 850 primo
318 775 357 833 de
379 773 498 846 verbis,
525 774 662 833 seeundo
688 773 726 832 de
750 774 884 843 ratione,
904 773 992 832 tertio
1012 773 1051 832 de
1068 773 1245 833 auctoribus

154 921 165 949 o
189 897 242 972 qui
259 909 385 957 sensum
399 897 540 955 nostrum
554 895 700 967 sanciunt,
712 898 820 970 quarto
831 897 869 956 de
883 911 942 956 usu
958 897 1009 970 qul
1026 896 1121 957 alium
1136 897 1245 957 fulcire

154 1041 167 1070 a
189 1018 403 1090 contenditur3
424 1018 550 1077 tandem
571 1018 645 1091 quid
666 1019 838 1090 argumenti
857 1032 893 1076 ex
913 1018 1028 1091 injuria
1049 1019 1186 1077 admissa
1206 1019 1245 1077 ad

154 1159 166 1187 α
189 1134 371 1196 alterutrum
388 1136 492 1195 veniat
507 1137 688 1208 explanabo,
710 1159 721 1188 o
741 1136 852 1196 Probat
872 1137 965 1208 igitur
979 1140 1085 1198 noster
1099 1138 1244 1197 clausula

151 1265 316 1326 nunquam
342 1253 374 1309 in
400 1252 546 1325 precariis
569 1253 819 1323 possessionibus
840 1255 943 1315 locum
963 1257 1077 1332 luisse,
1104 1259 1158 1318 sed
1176 1259 1245 1318 ideo

151 1372 240 1431 illam
261 1372 353 1431 serini
375 1373 498 1431 solitam
518 1386 584 1432 esse
603 1375 638 1431 ut
657 1374 928 1434 substitutionibus
952 1375 1247 1440 fideicommissariis

149 1495 276 1554 lavaret.
292 1494 606 1554 Animadvertendum
621 1499 666 1554 ast
682 1498 784 1554 tamen
799 1496 850 1554 hio
865 1499 1002 1557 anostro
1017 1499 1154 1571 primum
1166 1501 1246 1573 posi·

152 1613 218 1669 tam
245 1625 329 1682 essa,
364 1625 456 1684 quam
478 1626 573 1685 supra
601 1612 753 1673 vidimus.
786 1615 922 1683 regulam
943 1615 986 1673 de·
1001 1629 1082 1674 usu:
1113 1638 1124 1667 1
1143 1618 1249 1686 Quoad

153 1753 166 1780 «
189 1745 298 1804 usum,
314 1733 435 1792 etiamsi
451 1735 515 1792 tarn
531 1733 676 1805 antiquus
692 1735 721 1791 et
736 1734 910 1791 eommunis
920 1747 1012 1805 quam
1027 1735 1245 1810 dieituresset,

154 1875 167 1903 1
191 1855 345 1926 attamen,
371 1867 467 1927 quum
490 1854 595 1912 nullus
624 1856 729 1912 auotor
752 1866 822 1911 eum
841 1855 1030 1930 probaverit,
1061 1856 1116 1915 sed
1138 1870 1246 1916 omnes

152 1972 403 2046 «probaverint,
432 1972 511 2031 nihil
536 1972 620 2030 aliud
654 1973 701 2030 est
730 1976 840 2044 prater
876 1973 1057 2045 popularem
1084 1988 1243 2034 errorem:

153 2112 168 2139 α
185 2085 296 2164 padum
312 2093 376 2147 visa
389 2096 431 2146 est
444 2093 512 2164 ota,
528 2103 593 2148 non
611 2097 691 2147 reeta
704 2094 771 2146 viso
786 2097 830 2146 est
844 2094 906 2148 oia.
925 2112 937 2142 o

189 2215 276 2271 iluna
291 2212 323 2269 in
333 2211 461 2271 modum
471 2214 614 2285 perorata
623 2214 669 2270 est
684 2225 795 2270 causa:
816 2234 827 2263 l
846 2205 932 2281 Quod
947 2213 986 2270 ad
997 2213 1117 2284 lignum
1127 2213 1246 2287 attinet,

153 2357 167 2385 e
189 2336 236 2394 est
253 2337 336 2389 onasus
355 2332 523 2388 Thesauros
538 2335 637 2405 repom
664 2334 709 2390 est
728 2333 856 2390 materia
871 2345 1032 2391 murorum
1051 2334 1243 2404 uostromm‚

155 2476 167 2504 a
190 2466 248 2512 nec
263 2452 356 2511 modo
374 2451 487 2510 horum
503 2451 555 2523 qui
572 2451 683 2510 domos
696 2453 840 2524 nostras,
858 2451 912 2508 sed
928 2453 958 2509 et
972 2464 1080 2510 eorum
1094 2452 1148 2524 qui
1161 2451 1244 2510 insu—

154 2596 166 2623 «
188 2574 251 2654 lam
266 2573 366 2644 ipsam
380 2539 520 2644 tuentum
536 2571 628 2644 igitur
646 2572 792 2632 universo
809 2585 904 2644 regno
920 2575 1030 2631 noceat
1048 2573 1150 2631 favere
1168 2585 1241 2630 oon-

152 2714 165 2741 «
188 2690 362 2763 suetudini,
378 2688 519 2762 quaejam
533 2688 577 2746 ita
586 2687 680 2747 efficit
695 2689 772 2748 illud
786 2690 904 2764 minui,
917 2692 946 2749 et
959 2689 1141 2764 vastationi,
1151 2702 1243 2762 quam

154 2837 166 2864 o
187 2811 282 2872 ulmis
298 2811 446 2884 adiuvant
469 2811 537 2885 ipsa
556 2813 703 2883 tempora.
729 2811 985 2884 Quandoquidem
1009 2812 1087 2870 ratio
1106 2810 1243 2883 legisque

154 2955 166 2984 s
189 2933 354 2992 auotoritas
375 2933 405 2990 et
427 2931 528 2991 forma
551 2931 725 3002 reipublicae
749 2931 782 2987 in
803 2930 887 2988 idem
910 2928 1113 3003 conveniunt,
1130 2929 1242 3002 quibus

152 3077 163 3106 a
186 3056 288 3112 autem
299 3051 350 3125 ius
374 3050 486 3124 dequo
502 3051 602 3121 agitur
622 3052 674 3108 aut
688 3049 841 3123 *competit
854 3050 907 3107 aut
921 3049 1082 3121 competet,
1103 3048 1157 3106 illi.
1167 3048 1241 3105 satis

153 3195 166 3223 «ι
188 3174 386 3246 protegantur
399 3170 425 3227 si
441 3183 477 3227 ex
495 3170 588 3242 hujus
606 3169 751 3227 clausula
767 3167 915 3226 beneficio
931 3180 1025 3240 poena
1039 3168 1143 3241 aliqua
1161 3169 1238 3226 fera-

155 3315 166 3342 «
188 3295 249 3365 tur,
263 3291 328 3364 jam
341 3291 406 3362 lex,
426 3288 490 3362 jam
506 3290 591 3360 regni
607 3288 700 3361 hunus
719 3288 835 3347 utilitas
848 3286 948 3360 Jubet,
973 3299 1030 3345 neo
1042 3287 1126 3345 vetat
1139 3287 1238 3359 priva-

153 3434 166 3464 «
188 3414 290 3471 torum
307 3409 506 3469 commodum
521 3408 624 3466 striato
644 3421 736 3464 sensu
757 3407 886 3478 intelligi
907 3407 1081 3495 'clausulam
1096 3407 1239 3479 quodque

152 3553 166 3582 s
185 3531 334 3604 placitum
348 3531 407 3589 fuit
420 3529 607 3588 confirmari.
628 3551 638 3578 o

186 3655 215 3710 a.
235 3651 278 3708 Ad
289 3665 413 3710 oausam
422 3650 501 3723 juris
512 3648 626 3722 publici
642 3650 843 3716 transeamus,
860 3648 898 3706 de
914 3650 1061 3704 nmroorrs
1073 3647 1174 3704 sooria
1185 3645 1237 3718 (1).

149 3771 394 3843 supradiximus
409 3783 502 3842 quam
516 3769 711 3829 vehementer
726 3767 856 3825 lacobus
870 3769 1056 3837 lutmmque
1067 3776 1194 3834 regnum
1206 3761 1238 3819 in

188 4160 219 4223 (ll
244 4159 297 4212 ilie
320 4164 461 4224 argument
485 4159 514 4212 ol
531 4160 569 4212 sir
592 4160 620 4211 F.
642 4160 745 4224 Baton,
767 4160 812 4210 llis
831 4156 967 4223 llajesly's
981 4144 1101 4209 soliolt'or
1115 4153 1238 4218 general,

151 4251 181 4304 in
204 4251 250 4303 tlre
272 4265 334 4304 rese
355 4251 384 4303 ol
405 4251 450 4304 the
470 4251 585 4304 Postnati
603 4249 631 4303 ol
653 4250 792 4310 scotland,
813 4251 840 4301 in
861 4248 906 4301 tho
928 4247 1084 4313 lixehequer
1102 4243 1239 4307 elumbem

151 4340 245 4397 belone
260 4341 305 4396 the
316 4342 377 4397 lord
390 4343 543 4397 ohanoellor
555 4341 606 4395 and
619 4341 653 4394 all
667 4342 711 4395 the
725 4342 824 4405 ludges
837 4340 865 4394 oi
879 4338 1008 4405 logione.

1055 4427 1089 4481 to
