2782 4868
617 365 785 426 ..gp-

155 522 231 582 satis
252 518 414 579 manifeste
435 507 570 592 apparet.
592 521 714 580 llartius
733 520 859 594 quidam
881 521 919 579 ab
939 521 992 578 illo
1014 521 1181 594 inducitur,
1196 522 1243 579 vir

155 641 314 715 militaris,
334 641 404 716 pius
426 642 546 715 nmen,
567 640 620 714 qul
639 654 725 712 reges
742 641 931 700 christianos
949 639 1048 698 «fidel
1061 639 1241 699 christiana

158 783 172 814 e
189 759 406 834 propagationi
416 759 510 818 armis
525 761 555 818 et
568 759 678 832 opinus
699 760 839 818 suisnon
851 758 1036 830 invigilares
1053 758 1240 831 indignatur.

155 880 303 939 praterea
319 899 331 930 ι
349 891 414 938 non
427 877 554 951 reperiri
568 892 658 952 posse
672 877 898 951 expeditionem
918 876 1053 952 minuam
1074 878 1127 935 aut
1148 876 1241 936 actio·

156 1020 169 1051 ι
191 1011 264 1058 nem
276 997 397 1074 ,etiam
416 999 557 1070 respectu
577 996 732 1057 sacrrlaris
751 993 965 1070 amplitudinis
985 996 1014 1053 et
1033 993 1163 1063 honoris
1183 997 1240 1056 ter·

155 1142 169 1170 «
191 1112 259 1180 reni
274 1127 343 1193 qna
355 1133 428 1179 cum
440 1119 523 1178 hello
545 1121 653 1178 contra
674 1117 813 1177 infideles
834 1117 1046 1191 comparetur,
1065 1116 1240 1189 contendit,

157 1261 170 1290 ιι
191 1230 396 1310 Americcqn'e
415 1237 590 1310 exemplum
606 1241 766 1298 memorat.
789 1237 888 1296 sentit
907 1236 1061 1310 quidquid
1079 1237 1113 1294 in
1134 1235 1243 1296 ordine

156 1380 169 1410 ι
190 1358 232 1417 sit
245 1357 286 1417 ad
305 1357 546 1433 nonnmpopuli
559 1356 689 1432 alicuius
703 1357 804 1430 majus
818 1361 850 1418 et
861 1358 968 1432 latius,
984 1358 1138 1417 actionem
1152 1371 1243 1430 posse

156 1500 168 1530 ιι
189 1479 342 1552 injustitia
356 1479 528 1552 absolvere,
546 1501 559 1532 ι
576 1478 1062 1552 lurcasantemnegatciviliores
1073 1491 1243 1551 essequam

151 1599 359 1658 Americanos.
375 1630 408 1640 -
424 1599 539 1658 lieinde
559 1599 653 1660 rerba
672 1599 745 1659 tacit
767 1599 892 1673 Eupolis
912 1599 1062 1672 politicos.
1097 1584 1165 1656 iria
1190 1598 1243 1656 ille

152 1716 188 1776 in
213 1718 413 1791 questionem
437 1718 543 1778 venire
564 1719 652 1792 jubet
676 1739 683 1778 :
713 1742 724 1772 ιι
751 1721 857 1778 Utrum
881 1719 996 1789 bellum
1020 1720 1146 1792 propter
1169 1716 1242 1775 fidei

154 1861 168 1891 ιι
189 1838 638 1914 Christianaepropagationcm,
650 1838 1240 1914 absquealiaaliquahostilitaliscausa,

153 1979 168 2010 ι
187 1958 257 2032 jure
278 1958 393 2032 suscipi
412 1959 511 2032 possit
532 1960 561 2021 et
575 1960 609 2020 ln
630 1959 743 2034 ouibus
762 1959 903 2034 casibus,
920 1980 932 2011 ι
951 1958 1081 2031 deinde,
1101 1978 1114 2008 ι
1130 1956 1242 2017 latetur

154 2099 167 2127 ιι
189 2077 321 2168 libenter
343 2092 377 2137 se
400 2078 506 2138 audire
531 2079 609 2143 relic
633 2079 874 2153 disputationem
898 2078 937 2137 de
960 2078 1030 2150 jure
1052 2090 1116 2137 non
1140 2074 1241 2134 solum

154 2197 393 2272 «inermissivc,
408 2198 569 2261 sedetiam
584 2201 687 2259 utrum
702 2213 768 2260 non
783 2200 959 2270 obligentur
974 2197 1128 2271 principes
1141 2195 1240 2255 Chris-

154 2337 169 2367 ·
188 2316 266 2378 ilani
281 2318 312 2375 ct
324 2315 505 2390 respublica
521 2317 562 2376 ad
576 2317 754 2392 hujusmodi
771 2317 888 2376 bellum
908 2314 1116 2375 inferendum.
1128 2353 1134 2369 .
1146 2353 1170 2368 ..
1187 2316 1239 2370 su—

152 2457 166 2489 ι
187 2437 289 2509 petest
308 2437 435 2510 questio
457 2437 682 2510 comparativa,
698 2450 826 2511 nempe,
842 2436 914 2496 dato
930 2434 1014 2508 quod
1036 2434 1102 2492 haec
1123 2445 1172 2492 res
1190 2433 1242 2489 aut

152 2575 167 2606 ιι
188 2554 325 2626 legitima
340 2560 393 2617 aut
407 2555 591 2628 obligatoria
604 2557 661 2631 sit,
676 2558 783 2616 utrum
795 2558 898 2616 tamen
918 2555 984 2618 aliae
1005 2567 1053 2615 res
1076 2565 1145 2612 eam
1162 2563 1239 2624 prae·

151 2676 304 2735 «verare
331 2689 396 2737 nou
422 2675 573 2750 debeant,
603 2675 698 2736 veluti
719 2675 953 2748 exstirpationes
980 2673 1143 2733 heresium
1176 2670 1239 2743 tn),

152 2814 169 2844 ιι
187 2792 390 2855 schismatum
410 2793 694 2868 reconciliationes,
715 2793 944 2867 prosecutiones
966 2790 1124 2849 titulorum
1145 2791 1174 2846 et
1189 2787 1238 2862 ju-

150 2932 164 2962 ιι
186 2911 267 2972 rium
287 2925 344 2985 pro
368 2912 588 2985 temporalibus
610 2912 758 2977 dominiis
778 2914 808 2971 et
824 2909 970 2971 vindictis
992 2911 1022 2967 et
1041 2905 1238 2982 hujusmodi,

152 3053 165 3083 ι
187 3035 278 3106 aurun
296 3034 423 3109 iusuper
439 3035 473 3092 in
492 3037 642 3108 quantum
663 3035 779 3112 bellum
799 3033 877 3092 illud
896 3045 1018 3093 sacrum
1036 3033 1151 3090 ceteras
1170 3029 1239 3088 illas

142 3175 164 3206 4ι
186 3166 235 3218 res
248 3155 300 3216 vel·
311 3155 482 3228 prestolari
498 3155 622 3230 debeat,
633 3154 682 3214 vel
696 3167 766 3214 cum
781 3153 820 3210 iis
834 3152 901 3226 pani
916 3165 1010 3225 passu
1025 3149 1179 3221 incedere,
1191 3148 1239 3207 vel

151 3292 164 3322 ι
186 3271 255 3330 illas
277 3286 464 3344 componere
490 3276 519 3332 et
538 3273 572 3332 in
590 3272 734 3332 ordinem
755 3271 910 3344 redigere,
932 3271 1079 3342 uuquam
1104 3281 1136 3329 sc
1160 3267 1237 3329 inic-

150 3412 163 3442 ιι
185 3391 302 3451 riores?
319 3415 330 3443 ι
348 3395 471 3452 Postero
487 3393 536 3452 die
551 3395 691 3465 quarum
706 3391 794 3451 addit
809 3389 1029 3465 questionem:
1050 3412 1061 3440 ιι
1077 3391 1238 3460 Quousque

150 3507 299 3579 «bellum
328 3524 450 3570 sacrum
472 3513 512 3571 sit
538 3512 799 3591 prosequendum.
827 3533 839 3562 ι
871 3527 902 3555 ⁴-
929 3510 1090 3570 zebedaeus
1115 3511 1236 3580 antem,

146 3629 301 3704 electoque
315 3632 495 3690 orttodcoecs
510 3641 538 3690 et
558 3610 742 3703 proderetur,
769 3655 778 3682 ι
797 3633 911 3691 bellum
926 3632 1035 3689 contra
1050 3633 1160 3688 lurcos
1172 3628 1236 3700 jus-

151 3773 165 3802 ι
184 3753 249 3809 tum
265 3764 333 3829 esse
348 3755 377 3811 et
391 3754 577 3828 legitimum,
590 3755 652 3813 iam
664 3754 733 3828 jure
748 3751 896 3824 naturali,
913 3763 1005 3824 quam
1019 3747 1087 3822 jure
1101 3744 1237 3818 gentium

180 4144 209 4204 itt
231 4162 241 4188 ι
262 4143 392 4209 tyrannis
412 4144 613 4210 crudelissima,
635 4146 737 4212 polluta
759 4145 890 4212 sangnine
910 4145 1101 4210 imperatorum
1124 4154 1235 4195 snorum
1311 4166 1313 4171 ι

149 4250 160 4277 ιι
181 4232 209 4284 in
223 4233 440 4289 successionibus
452 4236 581 4303 singulis,
595 4240 646 4290 etc.
662 4258 672 4283 ll

181 4325 210 4387 a)
231 4325 339 4391 liupolls
352 4330 399 4399 *est
420 4329 709 4383 Romano-drithelmus.
