2782 4868
613 353 781 415 ..55-

149 509 268 583 aliquid
299 507 422 568 haurire
455 508 569 581 tentat,
608 509 805 586 declaratque
840 509 973 587 rationes
1008 514 1235 587 municipalium

149 631 250 704 lecum
275 629 325 702 (ll,
351 629 377 687 si
407 641 459 688 eas
485 628 699 689 arationibus
730 633 866 705 nature,
898 631 1105 705 ductrtnaeque
1136 633 1237 694 civilis

147 753 305 827 separatas
328 751 422 824 velis,
447 749 560 810 tiorum
584 750 700 811 similes
726 765 810 827 esse,
833 753 886 826 qui
911 753 944 811 in
963 752 1060 812 muris
1078 752 1236 828 oriuntur,

147 869 236 930 nullo
251 870 369 944 radice,
386 871 525 943 quarmis
539 871 573 929 in
587 869 657 931 loeo
672 873 791 933 excelso
805 885 872 931 esse
885 872 1049 933 uideantur
1063 873 1101 942 (il
1121 893 1136 923 «ι
1155 871 1238 931 iide-

150 1012 162 1040 «ι
183 1002 254 1048 mus
265 989 298 1047 in
316 988 411 1058 ludis.
423 989 497 1062 puta
506 989 706 1049 scacchorum
719 991 773 1049 aut
783 990 946 1064 similibus,
956 991 1073 1065 primas
1087 990 1154 1050 ludi
1165 1005 1237 1050 uor-

148 1132 164 1162 u
185 1123 254 1169 mas
266 1111 296 1170 et
309 1110 390 1181 leges
404 1121 487 1168 mere
500 1110 649 1183 positivae
669 1123 736 1171 esse
756 1113 786 1170 et
800 1111 840 1171 ad
853 1111 1017 1184 placitum,
1033 1124 1112 1184 quas
1133 1111 1239 1184 recipi,

152 1247 166 1277 α
186 1239 251 1286 non
266 1226 300 1284 in
311 1225 553 1299 disputationem
569 1229 675 1287 vocari
688 1208 816 1301 prorsus
830 1229 988 1302 oporteat:
999 1228 1034 1285 ut
1047 1240 1120 1286 vero
1134 1227 1240 1287 vineas

150 1369 162 1397 u
184 1348 316 1420 etperite
328 1345 431 1405 lusum
441 1346 595 1421 instituas,
606 1347 638 1411 id
650 1335 850 1408 artificiosum
859 1351 907 1407 est
915 1349 946 1406 et
955 1347 1120 1420 rationale3
1133 1346 1240 1405 eodem

151 1490 162 1519 u
184 1469 277 1529 modo
301 1468 336 1527 nt
351 1470 380 1529 ei
399 1469 432 1527 in
451 1470 570 1541 legibus
588 1470 800 1544 humanis,in
822 1470 933 1543 quihus
953 1469 1038 1528 haud
1053 1471 1242 1542 paucaesunt

151 1610 164 1638 ι
184 1592 325 1646 maiman
336 1588 583 1664 (utroquuntur),
593 1590 653 1650 hoo
665 1590 726 1662 est,
739 1574 946 1662 placitamera
958 1589 1048 1662 juris,
1060 1600 1127 1661 qua
1138 1588 1240 1646 aueto-

149 1726 163 1758 c
184 1706 273 1764 ritate
292 1706 391 1777 magis
411 1719 504 1780 quam
514 1705 634 1765 ratione
644 1706 803 1776 nituntur,
818 1718 919 1777 neque
938 1705 971 1762 in
987 1677 1241 1776 disceptationem

151 1846 164 1875 o
185 1824 314 1885 veniunt
330 1844 337 1881 ι
355 1824 429 1897 quid
442 1838 515 1884 vero
529 1824 569 1882 sit
581 1823 805 1898 justissimum,
825 1838 891 1884 non
911 1824 1067 1898 absolute,
1088 1824 1144 1882 sed
1163 1822 1240 1882 rela-

151 1965 164 1998 α
187 1945 247 2006 tivo
272 1943 343 2019 (hoc
363 1947 408 2004 est
432 1959 468 2003 ex
489 1945 635 2016 analogia
657 1944 782 2005 illarum
807 1946 1036 2020 maximarum),
1063 1946 1097 2005 id
1118 1946 1241 2006 demum

152 2084 163 2113 l
185 2063 336 2122 rationale
354 2064 401 2122 est
420 2064 450 2122 et
468 2062 564 2121 latum
585 2056 788 2134 disputationi
802 2076 946 2135 campum
960 2059 1092 2136 praehet
1103 2063 1183 2123 Talis
1199 2067 1244 2122 est

153 2204 168 2234 ι
186 2182 369 2242 secundaria
391 2181 445 2240 illa
465 2181 561 2254 ratio,
585 2193 652 2254 quae
674 2181 708 2239 in
729 2178 883 2252 theologia
903 2194 991 2241 saera
1010 2182 1115 2241 locum
1134 2181 1241 2255 hahet,

153 2323 172 2367 n
187 2314 255 2375 quea
270 2301 389 2360 scilieet
402 2300 532 2359 tundata
546 2299 593 2358 est
607 2313 699 2373 super
713 2299 826 2372 placita
841 2299 894 2357 liei
917 2298 972 2371 (3).
996 2321 1007 2350 u
1025 2302 1092 2359 Non
1107 2300 1240 2373 injure,

149 2421 186 2478 ut
203 2419 237 2476 iu
256 2397 393 2493 physicis
412 2417 562 2492 scientiis,
584 2417 623 2476 da
642 2416 805 2491 principiis
830 2415 963 2475 dubitari
985 2430 1077 2489 posse
1102 2420 1242 2477 Baoonus

150 2537 301 2612 agnoscit.
318 2538 502 2609 Quidigitur
515 2549 604 2608 agere
619 2504 709 2596 dehet
722 2535 916 2607 legumlator,
933 2537 994 2594 nisi
1011 2539 1046 2595 ul
1054 2536 1175 2610 placitu
1189 2536 1244 2596 illa

149 2671 236 2714 meru
253 2659 355 2731 juris,
381 2669 449 2729 quae
474 2669 545 2715 vere
567 2655 618 2714 liei
645 2657 736 2729 sunt,
764 2656 835 2714 ante
860 2655 966 2714 oculos
988 2654 1125 2730 hellene,
1152 2653 1241 2729 inde,

148 2777 331 2836 secundario
344 2779 403 2837 ista
417 2781 535 2837 ratione
549 2778 729 2853 adiuvante,
742 2777 819 2852 iusti
834 2778 1001 2852 injustique
1012 2777 1243 2836 distinctionem

152 2897 302 2957 deducere
323 2899 468 2957 conetur?

186 3018 247 3074 Noc
264 3016 359 3076 modo
380 3030 450 3097 eum
471 3017 591 3078 ratione
607 3031 774 3089 congruere
787 3017 902 3078 dehent
914 3018 1012 3092 leges,
1028 3031 1136 3078 verum
1152 3015 1244 3076 etiam

151 3131 278 3203 plurimi
302 3133 395 3192 refert
418 3133 451 3192 id
474 3133 631 3209 [omnihus
661 3148 844 3206 persuasum
875 3149 951 3194 esse.
990 3133 1170 3207 Exemplum
1199 3145 1244 3190 re-

152 3252 271 3310 centius
292 3266 413 3312 sumere
426 3253 526 3313 liceat.
547 3257 633 3314 Nunc
647 3260 688 3313 an
714 3250 844 3314 dominii
866 3255 917 3328 jus
932 3253 1044 3314 rationi
1059 3254 1099 3312 sil
1113 3265 1244 3313 consen-

154 3374 279 3432 lanaum
304 3373 493 3449 disputatur,
519 3377 545 3434 si
564 3377 633 3449 quis
653 3379 745 3449 negat
764 3377 924 3437 homiuem
942 3377 1093 3448 aliquem,
1108 3375 1243 3435 maximo

155 3505 227 3552 oum
242 3493 426 3556 detrimento
441 3498 562 3569 generis
576 3498 706 3558 humani
718 3544 726 3573 ,
739 3500 869 3560 unicum
882 3499 1011 3572 alicujus
1024 3500 1069 3557 rei
1083 3498 1245 3557 dominum

157 3623 252 3685 esse,
274 3610 489 3684 argumentum
519 3630 537 3675 a
561 3620 705 3678 Bossueto
731 3633 851 3679 sumere
875 3621 989 3693 potest,
1014 3619 1067 3691 qui
1093 3617 1242 3689 scripsit:

196 4055 228 4119 (l)
246 4055 303 4108 lion
314 4054 366 4109 hoe
377 4043 485 4110 nomine
495 4060 571 4112 uocat
581 4059 700 4112 Baeonus
709 4057 786 4122 leges
796 4055 895 4123 quand
902 4053 1115 4121 municipalelus
1122 4052 1243 4114 attinent,

164 4146 211 4201 sed
223 4158 365 4201 commune
377 4151 423 4215 lus
438 4149 551 4216 noivili,
567 4150 647 4204 idest
657 4150 789 4214 Romano,
802 4151 863 4216 jure
875 4145 1026 4223 distinguit.

194 4241 224 4304 til
244 4239 297 4293 The
310 4244 466 4306 arguments
477 4243 507 4295 in
520 4242 572 4298 law
585 4243 614 4297 in
624 4241 726 4297 cerlain
738 4242 815 4308 great
836 4241 887 4294 and
900 4238 1012 4293 ditiicult
1028 4251 1113 4294 cases.
1129 4235 1244 4291 Preiaee.

198 4328 231 4396 ll)
251 4330 287 4384 lle
304 4331 368 4396 lug.
387 4344 425 4386 se.
445 4344 491 4396 rx,
509 4334 532 4384 1.
1125 4332 1128 4336 ⁴
