2782 4868
566 380 712 442 ..7-

96 540 156 599 tale
171 551 236 597 esse
251 535 396 596 Romanis
411 534 512 594 risum
523 535 613 604 esset,
631 544 728 604 neque
742 531 806 589 uilo
821 530 914 590 modo
930 531 963 588 in
978 532 1077 590 lucem
1095 545 1182 592 nova

97 660 208 731 regulae
223 657 345 730 prodire
360 657 505 728 possent,
520 654 580 712 nisi
590 653 699 726 priscis
713 651 813 711 verbis
835 653 929 710 tecta.
949 653 1067 718 Primus
1082 656 1184 712 autem

98 776 238 838 Baconus
251 777 291 834 ad
305 773 534 848 philosophiam
544 773 597 845 jus
608 773 750 831 reducere
760 771 896 844 tentavit
906 771 975 829 ideo
986 772 1018 828 in
1030 775 1185 844 [reperitote.

98 905 130 955 ct
150 899 321 970 coementis
339 896 533 951 scientiarum
564 891 740 952 communia
762 891 902 964 quadam
923 892 991 950 tulii
1017 894 1184 965 precepta,

99 1019 253 1092 teporque,
268 1017 302 1074 ut
325 985 415 1087 dicit,
432 1014 531 1087 ierom
552 1013 602 1083 tt).
627 1013 718 1072 Multa
731 1026 805 1072 sane
827 1025 894 1085 quae
921 1013 960 1070 de
982 1012 1125 1086 physica,
1150 1013 1187 1069 de

100 1138 291 1199 astronomia
304 1135 427 1210 scripsit
442 1135 578 1195 obsoleta
593 1137 681 1206 sunt3
699 1135 752 1192 illa
763 1147 847 1192 nunc
862 1146 984 1206 quoque
997 1133 1030 1190 in
1045 1132 1189 1192 manibus

100 1257 286 1330 prudentum
301 1259 390 1328 sunt,
408 1269 465 1314 nec
476 1255 543 1313 sine
559 1267 671 1325 magna
682 1253 811 1312 utilitate
826 1266 861 1311 ac
878 1254 1031 1325 voluptate
1045 1254 1136 1313 etiam
1147 1255 1188 1312 le-

102 1380 216 1448 guntur
231 1375 282 1448 (2).
292 1377 375 1447 imo,
391 1386 495 1432 coram
509 1371 664 1446 judicibus
682 1371 775 1430 verba
785 1371 915 1444 faciens,
932 1371 1050 1429 nuliam
1068 1371 1132 1429 tere
1146 1374 1188 1429 at-

105 1497 172 1568 tigit
184 1496 360 1569 materiam,
372 1495 551 1568 priusquam
561 1493 763 1552 fundamenta
777 1505 844 1564 quae
860 1493 961 1551 essent
972 1492 1051 1564 juris
1065 1494 1095 1550 et
1110 1506 1191 1565 qua·
1252 1553 1255 1559 ,

103 1616 205 1673 siisset
220 1617 249 1673 et
268 1615 451 1688 invenisset,
468 1613 587 1672 ratione
596 1625 689 1685 usuS,
707 1625 774 1684 quae
783 1611 903 1684 piacita
918 1611 1018 1684 iopam
1033 1614 1086 1671 aut
1098 1613 1192 1671 corri-

105 1735 188 1804 geret
203 1737 256 1793 aut
270 1733 446 1806 explanaret
460 1733 513 1790 aut
527 1731 756 1790 commendaret
765 1731 819 1804 (3).
832 1733 949 1801 Quanto
960 1732 1068 1806 magis,
1078 1733 1194 1804 legibus

107 1851 297 1924 condendis,
313 1849 353 1910 ad
367 1851 519 1909 rationem
535 1853 737 1922 naturamque
750 1850 829 1923 juris
844 1852 977 1923 repetere
996 1864 1061 1908 non
1076 1849 1194 1910 dubita·

107 1972 151 2030 vit
161 1970 219 2044 (tit
238 1973 303 2028 Non
317 1971 433 2030 insulse
444 1971 577 2042 quidem.
588 1971 776 2039 Quumenim
786 1971 878 2029 talem
887 1971 998 2030 haheat
1012 1970 1115 2029 locum
1128 1972 1196 2044 phi-

107 2091 250 2163 losophia
264 2090 298 2147 in
313 2090 448 2149 scientiis
463 2105 529 2163 quae
545 2092 585 2149 ad
600 2093 742 2150 naturam
759 2105 862 2150 rerom
877 2095 1029 2167 spectant,
1052 2093 1198 2165 numquis

107 2210 249 2268 eamdem
264 2211 304 2269 ad
318 2211 482 2270 hominum
497 2212 748 2270 communionem
764 2212 970 2270 ordinandam
993 2213 1198 2283 tuendamque

110 2330 255 2388 accedere
271 2328 380 2387 debere
390 2328 555 2388 infitietur?

153 2449 186 2506 ll.
216 2460 301 2517 ouen
332 2462 445 2522 ripun,
474 2463 514 2508 nn
552 2464 629 2510 rure
660 2464 848 2523 senissimo,
884 2463 942 2511 srsr
986 2463 1200 2510 rnorosunmr

112 2579 319 2626 annonarios.
338 2599 369 2608 -
385 2570 478 2637 Quem
493 2567 604 2642 finem,
621 2570 657 2628 de
670 2569 924 2645 proscribendo,
940 2570 998 2628 sibi
1010 2571 1202 2643 proposuerit

114 2681 319 2755 Verulamius‚
342 2686 412 2742 ante
432 2685 550 2759 omnia,
566 2688 601 2744 ut
616 2685 706 2744 nobis
721 2687 857 2761 uidetur,
873 2689 1072 2760 quaerendum
1086 2688 1148 2759 est,
1165 2702 1203 2745 ne

115 2801 235 2874 majora
255 2806 463 2875 exspectemus
479 2805 512 2863 in
528 2805 641 2877 illoque
652 2819 687 2863 ea
703 2811 755 2864 oui
769 2807 978 2865 desideremus
989 2810 1051 2880 aut,
1065 2821 1203 2879 speprae·

115 2923 273 2996 occupati,
302 2923 465 2995 fingamus.
487 2927 521 2982 dt
548 2938 725 2998 quanquam
749 2928 860 2985 Baconi
889 2928 1039 2986 rationem
1068 2927 1204 3000 philoso-

116 3044 281 3118 phiamque
301 3046 400 3118 ipsam
427 3059 520 3117 quam
534 3046 663 3104 minime
677 3047 823 3117 attingere
839 3049 891 3105 aut
914 3048 1012 3119 parati
1027 3059 1133 3105 sumus
1154 3049 1205 3104 aut

118 3162 152 3220 in
169 3165 273 3222 animo
289 3164 452 3238 habemus,
476 3165 509 3220 in
534 3165 586 3222 iila
609 3179 765 3222 moremur
793 3179 917 3222 necesse
940 3167 1002 3233 est3
1035 3178 1098 3222 non
1123 3165 1205 3222 enim

155 3626 187 3689 (it
206 3625 245 3678 lb.
259 3623 686 3694 iib.v1n,cap.1n.iicemptom
704 3629 836 3679 tractatos
855 3624 886 3678 dc
904 3622 1020 3679 iustitio
1035 3625 1206 3689 universati,
1259 3636 1260 3639 ’

121 3713 177 3768 sive
188 3716 219 3769 dc
228 3713 362 3769 Fontibus
370 3714 452 3785 juris.

155 3807 185 3871 (tt
205 3806 276 3874 opus
288 3807 356 3860 illud
367 3806 409 3861 bis
422 3820 483 3861 cnm
494 3809 566 3862 notis
581 3808 609 3860 in
619 3807 709 3861 iucem
722 3807 806 3861 edidit
818 3807 910 3876 Dope‘n
922 3809 1026 3874 major,
1041 3805 1208 3874 Manuelique

122 3898 412 3965 suoedjunxittitii).

156 3988 186 4052 (3)
195 3988 249 4042 The
259 3991 415 4054 arguments
425 3990 454 4042 in
463 3989 516 4044 law
524 3991 552 4043 in
559 3990 659 4045 certain
673 3994 748 4055 great
758 3990 810 4044 and
819 3989 931 4044 difficolt
943 3978 1205 4055 cases,prooemium.

123 4107 155 4115 -
171 4077 226 4131 'ihc
237 4077 369 4133 elements
382 4079 411 4133 of
421 4080 467 4134 the
481 4093 605 4134 common
618 4080 669 4134 lew
683 4080 712 4134 oi
723 4081 860 4147 lingiand,
881 4080 926 4133 the
937 4078 1053 4133 Preiaoe.

158 4169 189 4233 (it
209 4170 227 4220 Α
244 4170 413 4235 proposition
425 4173 452 4223 to
463 4170 506 4223 his
518 4173 630 4238 Maiesty
651 4171 779 4237 touching
796 4171 841 4226 the
860 4171 1007 4237 compiling
1027 4170 1079 4224 aud
1100 4171 1208 4224 amend·

123 4260 197 4311 ment
209 4258 236 4311 oi
248 4259 293 4313 tire
305 4259 370 4313 laus
382 4259 411 4313 oi
423 4261 551 4326 segiano.
570 4292 603 4301 —
615 4263 633 4315 t
644 4263 816 4330 preparation
831 4262 933 4317 toward
955 4262 1001 4316 the
1018 4262 1100 4315 nnion
1119 4261 1148 4315 oi
1165 4262 1210 4314 tire

125 4348 190 4401 laus
206 4354 233 4402 ot
245 4349 362 4414 fugiend
373 4350 426 4405 aud
436 4351 567 4406 scotland.
