2782 4868
596 343 785 408 -tns-

146 499 285 573 sedebat,
302 509 366 559 non
383 497 470 556 aliter
489 497 578 572 atque
595 500 718 574 pretor,
736 498 950 558 assistentibus
966 497 1187 573 prudentibus,
1209 495 1237 562 61

143 589 285 697 'quosad
304 622 501 680 serenaret:
528 638 539 669 s
568 621 597 679 si
620 634 723 681 amsa
745 621 898 680 sententia
925 622 979 694 qui
1001 621 1080 680 milri
1099 623 1237 682 assident

151 761 163 790 α
184 739 350 799 abliorrere
363 737 517 809 uidentur,
533 750 709 810 quanquam
729 740 824 796 totam
836 738 997 811 judicandi
1008 740 1189 812 potestatem
1203 741 1236 798 in

151 881 163 910 e
184 871 235 918 me
248 870 396 918 essenon
411 857 526 932 neseio,
542 858 702 916 oraculum
720 858 801 929 regis
811 857 908 931 ipsius
922 860 993 917 anto
1007 873 1133 932 poscam
1144 874 1237 934 quam

149 975 330 1051 «jndicem.
357 946 583 1049 »Hostiarum
603 989 671 1035 esse
694 977 803 1051 sentit,
829 978 882 1051 qni
901 991 997 1050 penes
1013 992 1112 1037 unum
1136 979 1236 1038 virum

148 1096 214 1157 6116
228 1095 322 1155 modo
333 1096 450 1154 tantam
461 1097 642 1168 potestatem
653 1108 719 1154 6666
732 1097 814 1155 66161
829 1115 836 1153 :
853 1097 957 1170 potius
970 1098 1130 1156 esttamen
1143 1111 1236 1171 qnam

150 1221 186 1271 eir
204 1183 330 1272 arbitrio
340 1211 454 1286 judicis
472 1211 602 1271 omnino
618 1213 826 1285 respendere.

184 1334 293 1404 bagua
305 1332 430 1404 quidem
445 1346 480 1391 66
495 1327 639 1391 terribilis
649 1333 742 1391 666116
753 1333 901 1394 666666116
910 1334 999 1393 datur
1008 1334 1162 1407 potestas:
1179 1349 1240 1408 qun

151 1462 191 1507 ne
205 1449 371 1509 abutantur
381 1449 552 1508 cavendum
566 1451 631 1509 est:
647 1451 716 1510 ideo
732 1454 870 1510 Baoonus
885 1451 959 1510 bino
973 1451 1122 1524 quasdam
1132 1466 1241 1525 poenas

150 1571 190 1630 ab
204 1570 267 1629 11116
281 1569 353 1628 16661
367 1570 463 1642 vetat,
479 1568 567 1628 illine
586 1582 637 1628 eas
656 1569 717 1628 hoo
735 1569 890 1628 declarare
913 1569 989 1627 sinit
1009 1571 1093 1642 quod
1113 1584 1242 1631 resnou
1273 1589 1274 1593 ¹

147 1690 288 1764 liqueat:
314 1710 326 1741 6
352 1702 459 1749 xxxrx.
482 1687 620 1746 Rubrius
642 1687 801 1759 sauguinis
817 1701 856 1746 ne
875 1691 984 1760 sunt03
1000 1702 1059 1747 666
1074 1688 1111 1746 de
1126 1690 1239 1762 666116-

153 1808 282 1881 «libus,
303 1807 336 1866 in
357 1807 602 1880 quibuscumque
626 1806 739 1879 curiis,
765 1807 827 1865 nisi
850 1821 887 1866 ex
908 1806 974 1878 lege
991 1809 1066 1866 nota
1085 1810 1114 1866 et
1138 1811 1239 1883 66616,

152 1948 165 1978 r
184 1927 394 1999 pronuntiato.
417 1926 530 1984 indixit
549 1926 634 1985 enim
653 1927 788 1985 mortem
813 1929 892 1985 beus
909 1927 976 1999 ipse
994 1927 1081 2000 prius
1102 1947 1110 1985 t
1135 1929 1242 2001 postea

153 2068 166 2098 u
186 2046 309 2106 indixit.
330 2048 389 2119 Neo
411 2045 474 2106 uita
494 2045 653 2116 eripienda
672 2045 734 2104 nisi
749 2045 778 2105 ei
793 2045 846 2118 qni
861 2059 895 2104 66
909 2046 942 2103 16
958 2059 1047 2106 suam
1061 2049 1155 2106 vitam
1170 2062 1240 2121 pee-

154 2190 166 2218 6
188 2167 361 2240 cerentius
384 2170 500 2226 nosset.
523 2185 536 2218 u
559 2166 703 2241 optime,
720 2165 746 2222 si
770 2165 803 2222 in
824 2165 988 2239 uinquam
1010 2167 1167 2237 ingressus
1191 2136 1240 2242 sit,

151 2288 272 2347 bomini
288 2287 497 2346 6161666116661
512 2306 519 2344 ε
539 2287 639 2346 curias
660 2287 816 2345 censorias
832 2286 927 2346 creari
944 2287 1021 2346 ratio
1036 2301 1100 2346 non
1116 2288 1241 2363 patitur,

125 2411 128 2416 ’
152 2411 226 2484 quia
239 2410 380 2482 iniquum
396 2409 443 2468 661
462 2422 571 2483 peenas
595 2408 672 2480 exigi
694 2407 756 2465 nisi
776 2421 795 2465 a
814 2407 890 2481 lege,
907 2375 964 2466 neo
977 2408 1082 2465 minus
1100 2408 1242 2480 iniquum

153 2529 287 2603 aliquem
305 2528 436 2600 6666616
456 2541 550 2602 quam
569 2528 668 2601 666116
687 2527 853 2586 damnari:
879 2526 932 2586 ubi
958 2528 1108 2587 rationem
1126 2529 1241 2588 laeseris

152 2646 185 2704 in
201 2645 368 2706 levioribus
382 2644 493 2719 nausis,
511 2645 618 2704 eadem
634 2645 667 2703 in
681 2645 874 2720 gravioribus
889 2646 1018 2705 laedatnr
1033 2649 1217 2705 6666666661
1233 2667 1240 2706 :

155 2775 232 2832 neo,
250 2765 382 2838 616666,
402 2762 438 2820 si·
449 2776 608 2834 nunquam
621 2762 686 2820 ulla
704 2775 798 2834 poena
821 2763 883 2822 nisi
904 2777 922 2820 6
944 2764 1010 2834 lege
1029 2763 1130 2822 edicta
1146 2768 1242 2838 repeti

152 2881 304 2953 potuisset
317 2883 350 2940 in
365 2881 483 2954 buglis,
500 2883 545 2939 tot
553 2881 680 2953 private
689 2881 771 2953 leges
781 2883 850 2940 latae
865 2887 981 2956 essent,
993 2896 1048 2955 per
1059 2897 1135 2956 quas
1145 2885 1244 2959 capito

151 3003 367 3075 multarentur,
383 3003 493 3062 silente
509 3003 667 3061 communi
683 3003 765 3075 lege,
781 3003 873 3063 cives.

194 3145 206 3174 o
225 3137 276 3183 xi..
292 3125 327 3182 ln
348 3123 441 3182 curiis
460 3122 609 3182 censoriis
630 3123 783 3181 caleulum
800 3123 922 3182 tertium
939 3124 1025 3197 daio,
1045 3127 1080 3183 ut
1090 3125 1247 3197 judicibus

158 3268 171 3295 a
191 3259 256 3304 non
275 3245 453 3319 imponatur
470 3244 637 3302 6666661166
656 3243 710 3300 661
737 3242 916 3324 absolvendi
934 3246 986 3302 aut
1005 3244 1246 3320 condemnandi,

158 3386 171 3414 κ
193 3364 247 3422 sed
262 3363 353 3422 etiam
368 3365 403 3421 ut
417 3378 476 3418 non
490 3361 583 3435 liquet
597 3360 801 3434 pronuntiare
814 3361 947 3434 possint.
961 3384 972 3414 u
990 3363 1075 3421 idem
1089 3362 1128 3421 ab
1141 3363 1249 3438 Hippo-

157 3486 248 3544 damo
257 3482 477 3544 liilesiolatum
488 3495 554 3542 esse
569 3481 662 3541 refert
674 3482 850 3541 Aristoteles
862 3481 915 3556 (lt.

194 3626 206 3655 6
227 3605 323 3664 liliam
333 3603 473 3663 66666616
488 3617 551 3662 666
567 3605 687 3661 tantum
702 3617 813 3677 poena,
831 3605 884 3663 sed
901 3607 930 3664 et
944 3609 1020 3664 nota
1033 3606 1115 3679 esto;
1133 3606 1248 3665 66111661

158 3745 169 3773 o
192 3724 324 3806 quaeant
339 3723 458 3794 infligat
468 3723 671 3797 supplicium,
687 3725 741 3782 sed
751 3727 803 3783 aut
818 3725 851 3784 in
863 3727 1107 3786 admonitionem
1117 3727 1247 3802 desinat,

157 3865 169 3894 a
191 3845 243 3902 661
264 3856 332 3902 6666
346 3841 519 3914 ignominis
536 3842 593 3900 levi
616 3844 646 3900 et
667 3843 812 3914 tanquam
828 3844 938 3904 rubore
963 3846 1097 3918 castiget.
1111 3869 1121 3897 r
1139 3848 1247 3906 Nolam

154 3961 279 4033 quidem
309 3962 553 4023 efficacissimam
577 3966 678 4022 Rome
702 3961 797 4024 fuisse
822 3966 934 4041 fertur,
956 3967 1028 4040 quia
1045 3967 1123 4040 juris
1148 3967 1246 4026 civilis

195 4300 298 4363 111161,
325 4300 373 4353 lib.
400 4315 436 4367 rr,
459 4316 485 4354 c.
511 4305 538 4354 5.
