2782 4868
577 341 766 402 -159-

135 493 308 554 Sacerdos
338 492 465 564 quidam
487 492 529 564 (1)
558 492 703 551 concioni
739 503 801 549 suae
829 491 946 564 aliquot
977 490 1123 551 seditiosa
1149 504 1216 551 ver-

124 613 166 672 ha
194 613 388 686 inseruerat,
412 611 466 670 sed
497 611 641 671 concioni
667 625 761 684 quam
786 624 946 684 nunquam
974 611 1076 684 palam
1103 610 1215 670 hebue-

124 732 187 805 rat,
211 743 251 789 ne
276 729 388 789 habere
416 727 539 802 quidem
570 728 802 788 destinaverat:
835 730 983 797 attamen,
1009 727 1157 800 quoniam
1181 741 1217 786 eu

124 849 270 909 manibus
304 847 370 921 ejus
398 847 453 905 illa
481 816 637 921 evaserat,
667 850 742 920 Rex,
777 848 958 920 potestatem
990 860 1078 906 suam
1111 847 1216 906 laesam

123 984 193 1031 esse
212 971 356 1044 questus,
375 980 446 1026 eum
461 965 604 1025 damnari
619 965 790 1039 majestatis
804 965 916 1038 voluit,
930 978 1085 1037 quumque
1097 965 1216 1037 judices

124 1093 219 1152 aliam
237 1093 271 1150 in
292 1093 410 1165 partem
423 1103 594 1163 propensos
608 1089 741 1160 videret,
757 1087 796 1147 ab
813 1087 875 1146 illis
891 1100 946 1160 per
959 1090 1114 1145 Baconum
1130 1086 1217 1159 petiit

123 1213 159 1268 ut
172 1223 277 1270 secum
291 1209 329 1268 de
343 1221 435 1268 carrae
449 1208 594 1281 privatim
609 1207 723 1279 singuli
742 1206 942 1280 loquerentur
957 1203 1012 1278 (2).
1027 1209 1147 1264 Becono
1162 1218 1214 1264 au·

122 1331 187 1387 tem
201 1327 320 1388 obstitit
333 1328 494 1386 Eduardus
508 1328 633 1403 Cokius,
652 1327 743 1386 curiae
758 1340 885 1400 pruses,
908 1341 968 1400 quo
983 1327 1089 1384 nullus
1103 1326 1216 1385 clarior

123 1449 205 1508 inter
231 1447 344 1520 anglos
372 1447 554 1520 prudentes,
574 1447 787 1519 ,secretamque
809 1446 895 1505 illam
922 1446 1174 1506 deliberationem
1196 1460 1216 1505 a

123 1570 210 1642 regni
225 1569 447 1628 consuetudine
462 1568 628 1628 abhorrere
642 1569 812 1642 respondit.
829 1572 968 1628 Baconus
979 1570 1072 1640 igitur
1081 1570 1214 1641 collegas

123 1686 191 1760 ejus
210 1685 354 1760 tentavit,
371 1686 562 1744 contendens
578 1699 729 1762 quemque
744 1699 800 1744 suo
815 1691 1007 1746 sacramento
1023 1688 1091 1758 cogi
1104 1691 1139 1747 ut
1152 1690 1215 1762 regi

122 1807 262 1880 poscenti
280 1807 445 1866 consilium
461 1807 562 1881 daret,
578 1820 636 1865 nec
649 1807 754 1865 minus
769 1807 796 1864 si
810 1806 848 1865 elo
863 1807 1016 1866 universis
1035 1823 1128 1882 quam
1150 1810 1177 1868 si
1196 1824 1214 1869 a

123 1926 254 1998 singulis
277 1926 468 2001 poposcisset
490 1927 553 1985 ille.
579 1927 694 1985 Deinde
715 1926 754 1984 ad
780 1926 908 1999 eckium
931 1927 1035 2001 ipsum
1059 1942 1213 2004 reversus,

124 2058 221 2118 quum
241 2046 320 2104 nihil
337 2046 531 2121 profecisset,
546 2046 586 2105 ed
602 2049 712 2118 Regem
728 2047 851 2120 scripsit
867 2047 909 2120 (3)
926 2067 933 2105 ε
953 2069 965 2098 o
982 2052 1056 2108 cum
1072 2050 1215 2109 Eduardo

127 2188 141 2216 α
160 2165 254 2224 cokio
286 2166 397 2223 itemm
432 2166 602 2224 collocutus
640 2179 710 2224 sum
740 2166 794 2239 qui
822 2168 986 2227 declaravit
1018 2169 1208 2229 deliberatio·

125 2301 232 2348 «nem
254 2287 345 2346 istem
363 2292 510 2348 secretam
534 2302 599 2347 esse
623 2303 736 2349 novam
755 2291 785 2348 et
809 2290 1029 2362 periculosam,
1056 2291 1213 2365 multaque

126 2404 286 2476 «insuper
319 2402 431 2476 adjecit
458 2403 687 2462 vehementiora
712 2417 805 2476 quem
835 2416 901 2475 quae
929 2404 970 2461 ad
992 2406 1021 2462 te
1044 2404 1208 2464 referam...

125 2527 203 2582 ·ile
226 2522 388 2596 objiciente
414 2526 534 2594 allego
557 2523 696 2595 singulos
724 2523 842 2596 judices
868 2523 989 2582 consuli
1015 2537 1119 2598 posse,
1145 2539 1208 2584 res·

125 2643 270 2716 «pendit
295 2656 401 2701 casum
429 2643 514 2701 hunc
539 2642 661 2701 differre
695 2643 842 2702 aceteris
873 2644 1020 2713 quoniam
1050 2644 1089 2702 ad
1118 2645 1213 2728 vitam

125 2763 294 2835 aspectat:
320 2760 418 2834 objeci
437 2764 540 2820 autem
560 2761 699 2834 publicas
728 2777 776 2821 res
801 2764 840 2822 ad
866 2763 952 2821 mille
975 2764 1054 2823 vitas
1075 2767 1211 2835 spectare

126 2903 139 2932 ι
158 2893 249 2953 posse
270 2880 370 2953 adque
386 2879 500 2939 multas
522 2894 570 2938 res
584 2881 710 2955 majoris
724 2883 874 2941 momenti
887 2895 980 2955 quam
993 2883 1086 2940 unius
1100 2883 1210 2955 privati

82 2986 86 2992 ’
124 3002 236 3074 «vita,
261 3002 307 3060 uli
337 3002 467 3075 bellum,
496 3015 604 3075 pacem
634 3005 663 3061 et
698 3003 821 3062 similia.
846 3026 857 3055 u
885 3006 986 3076 Neque
1024 3003 1209 3075 collegarum

122 3120 313 3193 exemplum,
343 3132 443 3191 neque
475 3120 622 3177 statutum
648 3118 804 3191 quoddam
828 3119 961 3177 ilduardi
993 3122 1032 3176 lll
1061 3119 1135 3176 satis
1156 3132 1208 3177 va·

122 3241 216 3298 luisse
233 3239 316 3311 apud
331 3239 458 3298 cokium
478 3240 569 3298 reteri
585 3243 733 3298 Baconus.
756 3242 896 3298 Attamen
917 3239 968 3297 ille
992 3237 1116 3297 tandem
1134 3252 1207 3297 con-

122 3359 227 3418 silium
252 3372 342 3417 suum
373 3359 506 3436 aperuit,
536 3360 590 3417 sed
613 3359 804 3433 majestatem
832 3360 938 3418 abesse
963 3360 1127 3421 declaravit
1154 3359 1206 3437 (t).

122 3476 201 3546 Quid
224 3482 316 3536 vero?
341 3480 461 3535 Bacono
483 3477 624 3548 jubente,
652 3477 779 3550 questio
810 3478 915 3537 hahita
937 3479 995 3537 tuit
1025 3479 1062 3538 de
1092 3480 1207 3540 infelici

123 3610 211 3669 sene,
234 3610 411 3670 quanquam
427 3597 492 3668 jam
517 3597 674 3667 sexaginta
695 3611 812 3671 annos,
832 3599 892 3675 nisi
912 3613 947 3656 ex
967 3599 1084 3669 legibus
1099 3599 1210 3658 saltem

155 4027 185 4090 (1)
204 4024 314 4078 Nomine
328 4022 467 4077 Peucinos.

157 4117 188 4178 til
207 4115 295 4168 letter
307 4128 363 4167 oxu
376 4118 402 4167 to
415 4114 460 4168 the
470 4113 549 4179 ling,
567 4112 695 4178 touching
707 4112 848 4167 leucham.

156 4208 189 4270 (3)
207 4206 294 4260 letter
308 4219 384 4259 cxiv.

158 4297 187 4361 til
208 4296 308 4367 letters
320 4309 384 4349 exin
397 4297 447 4350 end
461 4310 547 4349 exuri.
