2782 4868
512 627 629 711 otios
673 627 877 713 SECUNDUM.

431 945 433 948 >
473 917 548 984 Quis
577 914 670 985 lenem
700 913 780 987 serre
805 914 916 970 debeat.

184 1146 240 1206 iiio
255 1149 287 1206 in
307 1148 399 1206 aliam
415 1147 513 1208 oiviiis
528 1147 674 1207 doctrina
690 1151 806 1221 partem
829 1147 964 1206 incidere
991 1147 1128 1219 cogimur
1144 1167 1150 1203 ε
1178 1159 1243 1204 non

147 1269 236 1326 enim
251 1267 287 1326 de
304 1268 372 1340 jure
387 1269 420 1326 in
435 1267 556 1327 Baoono
572 1265 664 1327 serini
687 1271 801 1341 potest,
822 1267 922 1326 omitti
940 1281 1012 1326 vero
1035 1243 1129 1340 penes
1151 1282 1242 1342 quem

149 1380 322 1458 condendi,
345 1384 504 1459 mutandi,
528 1383 697 1457 abrogandi
716 1386 798 1444 illius
819 1387 1000 1458 potestatem
1025 1397 1092 1444 esse
1113 1385 1244 1445 voluerit

150 1506 307 1576 Baeonns3
326 1504 392 1562 hae
407 1507 509 1562 antem
523 1505 603 1563 nihil
619 1503 703 1564 aliud
718 1511 869 1578 estonam
886 1505 1012 1578 plenum
1028 1519 1244 1578 summumque

149 1625 316 1696 imperium
339 1624 392 1696 (t).
415 1625 505 1698 GuJus
535 1625 627 1695 igitur
654 1621 687 1682 in
708 1625 829 1684 civitate
853 1626 1017 1698 imperium
1043 1637 1114 1683 esse
1136 1624 1245 1708 debere

149 1744 307 1801 censuerit
322 1746 428 1803 noster
448 1743 666 1817 quaerendum,
683 1743 715 1801 id
732 1748 792 1812 est,
808 1715 942 1802 formam
957 1741 1132 1815 reipublicae
1153 1756 1246 1815 quam

152 1861 307 1935 praoipua
323 1862 583 1922 commendaverit
593 1861 724 1922 breviter
740 1861 967 1934 exponendum.

192 1987 215 2042 1.
231 1997 302 2053 onm
320 1991 389 2044 sinn
409 1996 584 2044 nannieno
611 1996 651 2042 on
680 1994 858 2043 onninnnnn
878 1990 1019 2042 messan
1038 1993 1245 2042 nninosoeiio·

150 2116 220 2164 nnn
243 2116 440 2164 senesanna.
458 2103 631 2161 -Multum
655 2105 726 2174 post
748 2106 903 2161 Baeonum
929 2087 1118 2174 disputatum
1144 2102 1190 2159 est
1209 2101 1247 2158 de

151 2225 272 2296 optima
294 2224 434 2296 civitate,
459 2238 517 2283 neo
537 2226 582 2283 tot
606 2226 729 2296 tamque
748 2224 885 2285 diversas
904 2223 1161 2295 philosophorum
1176 2234 1245 2278 sen-

153 2341 284 2416 tentias,
299 2345 348 2404 vel
368 2340 470 2416 potius
491 2344 654 2418 opiniones
676 2345 788 2402 referre
808 2343 899 2401 nobis
919 2343 952 2400 in
971 2344 1075 2400 mente
1096 2342 1151 2398 est.
1172 2343 1243 2396 Dua

151 2464 278 2538 quidem
292 2467 362 2523 ante
373 2478 480 2524 omnes
495 2465 529 2522 in
543 2465 661 2523 honore
677 2464 777 2538 inere,
789 2477 856 2535 quae
871 2475 936 2520 non
951 2461 1045 2520 modo
1061 2460 1094 2518 in
1108 2459 1243 2532 philoso-

152 2584 242 2659 phia,
259 2584 313 2643 sed
327 2587 357 2643 et
371 2585 404 2642 in
423 2584 553 2643 historia
567 2585 700 2645 valuere.
716 2585 793 2642 Hine
812 2583 897 2642 enim
921 2581 1069 2640 divinitus
1095 2593 1161 2639 esse
1176 2580 1247 2638 civi-

152 2706 230 2763 tates
246 2705 427 2763 constitutas
438 2695 528 2763 multi
539 2706 747 2778 scripserunt,
765 2719 819 2763 seu
833 2703 976 2776 gentious
991 2703 1137 2762 omnious
1150 2715 1246 2760 unam

153 2824 353 2896 eamdemque
378 2824 552 2897 reipublicae
574 2825 707 2884 formam
730 2825 848 2896 (iatam,
864 2824 928 2883 sive
944 2821 1110 2896 unicnique
1130 2836 1243 2880 suam:

153 2953 252 3015 pauca
272 2940 426 3002 sufficiant
450 2945 598 3017 exempla.
626 2946 789 3003 Bossuetus
804 2944 847 3017 (2)
868 2943 1035 3017 quidquam
1056 2943 1158 3016 potius
1179 2956 1245 3000 esse

154 3075 247 3133 quam
262 3076 392 3134 regnum
406 3066 512 3135 negat,
530 3064 591 3123 huo
604 3067 768 3139 utrumque
781 3068 1007 3124 Testamentum
1022 3063 1146 3123 tendere
1155 3065 1190 3120 ut
1199 3076 1244 3120 re·

153 3180 267 3256 ligione
287 3183 419 3254 quadam
438 3182 579 3241 colantur
596 3196 681 3255 reges
704 3187 788 3241 ratus
814 3203 821 3239 ι
848 3182 923 3256 qnid
947 3182 1019 3240 inde
1039 3181 1245 3252 consequatur

153 3302 297 3372 annaret,
324 3299 413 3370 regia
437 3300 595 3373 potestati,
624 3299 788 3372 plusquam
811 3300 974 3373 humana,
1004 3298 1107 3357 nullos
1137 3297 1245 3356 debere

154 3425 222 3471 esse
240 3413 395 3473 humanos
418 3414 496 3473 fines
513 3419 597 3474 :Deo
622 3416 725 3489 enim,
747 3430 925 3489 quanquam
946 3416 1029 3474 illius
1048 3413 1246 3473 incommoda

153 3534 346 3606 cognoverit,
363 3533 442 3591 nihil
454 3533 607 3592 obstitisse
623 3535 697 3607 quin
712 3549 747 3593 aa
757 3537 876 3593 Saulem
887 3536 1064 3609 impertiret,
1080 3548 1136 3593 neo
1145 3534 1243 3604 magis

146 3650 290 3721 junicum
311 3624 403 3725 qnam
421 3668 525 3725 regom
550 3654 631 3712 vitiis
658 3668 759 3712 oanene
779 3657 969 3726 potestatem.
986 3659 1094 3724 Legem
1114 3654 1166 3710 ille
1186 3665 1242 3724 pro

190 4039 220 4102 tit
240 4039 345 4109 Penelo.
360 4069 393 4077 -
404 4039 485 4095 Essoi
496 4041 698 4112 philosophique
716 4057 764 4096 sar
777 4043 799 4096 to
813 4047 1017 4112 qoooeroeooeat
1030 4040 1105 4108 civil,
1119 4055 1143 4095 e.
1156 4056 1195 4095 on.
1209 4042 1244 4094 De

153 4127 181 4180 ia
192 4141 289 4184 source
299 4130 332 4184 de
342 4130 477 4187 l’antorite
489 4135 657 4188 souveraine.

190 4220 221 4284 (i)
238 4221 366 4288 Pontique
377 4223 445 4278 tiree
456 4224 756 4293 del'Eoriture-Sainte,
770 4225 789 4280 i.
802 4240 826 4293 i,
840 4229 889 4280 art.
904 4240 946 4291 1v3
961 4226 980 4279 l.
996 4239 1044 4292 in,
1059 4229 1109 4280 art.
1123 4239 1156 4290 n;
1174 4225 1193 4278 l.
1206 4237 1243 4287 iv,

153 4313 205 4364 art.
220 4325 245 4375 ¹3
261 4312 279 4365 1,
291 4325 320 4380 x,
335 4317 384 4367 art.
400 4330 438 4368 vi.

1079 4411 1115 4479 aa
