2782 4868
148 109 263 168 Bellum
279 107 381 165 autem
391 118 427 164 ea
440 105 506 176 lege
522 105 691 177 gerendum
706 105 753 165 est
768 106 803 164 nt
817 118 911 179 quarn
921 106 1142 168 breuissimum
1156 109 1211 179 sit,

112 241 177 287 non
198 227 287 286 aliter
311 227 401 298 atque
422 224 493 284 lltes
519 224 694 297 celerrime,
720 237 785 284 non
800 224 902 285 dicam
923 225 1142 302 expediuntur,
1157 227 1212 287 sed

112 346 307 422 expedienda
322 348 418 405 sunt:
439 367 450 396 1
477 345 560 405 Bella
582 348 654 404 sunt
674 345 810 405 ultiones
829 346 860 404 et
884 345 1128 421 satisfactiones,
1143 360 1213 421 que

114 491 125 516 a
147 481 240 540 quam
265 465 418 525 utumrnae
448 477 515 524 esse
544 464 675 524 debeam
698 478 736 523 ex
773 463 898 537 injuriis
923 466 1019 525 illatis
1048 466 1210 540 pendet.»
1304 476 1307 481 ·

110 585 178 643 tam
201 583 240 642 ab
264 583 372 643 nostro
396 580 513 641 dictum
539 595 606 640 esse
626 581 896 642 memoravimus:
921 584 1116 657 «Nunquam
1141 598 1206 647 non

115 723 126 754 1
147 703 254 761 censui
276 701 357 761 bella
370 701 497 760 mortes
512 700 673 774 malaque,
697 713 805 774 pacem
821 713 945 776 reram,
965 694 1144 764 asturem
1161 718 1211 766 sa·

116 843 127 873 t
148 833 283 892 namque
302 818 603 891 rerumpublicarum
618 818 829 917 conditionem
851 830 964 879 esse...
987 818 1018 879 sl
1039 820 1212 895 11111111-
1266 870 1269 875 ⁴

114 963 126 994 a
147 955 237 1015 ceps,
258 942 285 1000 si
299 954 361 1015 qua
374 940 483 1000 civitas
501 943 555 1000 aut
572 941 690 1000 bonurn
710 939 881 999 commode
896 939 1101 1014 glorioseque
1124 943 1215 1016 pacis

116 1083 126 1111 1
149 1061 344 1121 occasionem
368 1060 505 1133 omittat,
532 1061 585 1119 aut
609 1058 724 1117 bellum
754 1056 906 1131 injustum
929 1058 994 1118 ulla
1023 1058 1213 1119 sine.causa

116 1205 127 1233 u
149 1184 287 1257 moveat,
303 1195 374 1240 eum
388 1184 496 1241 contra
508 1180 659 1253 justitiam
673 1182 704 1239 et
717 1182 826 1240 eontra
838 1180 989 1240 rationem
1010 1180 1181 1256 11111111).
1194 1206 1209 1234 2

113 1307 179 1362 iton
195 1307 298 1362 tamen
313 1303 547 1377 qualiscumque
562 1315 620 1375 par
635 1301 762 1374 justitia
776 1302 806 1359 et
824 1301 939 1361 rationi
957 1314 991 1360 se
1004 1301 1127 1375 probat.
1144 1306 1214 1363 ute

113 1424 180 1482 nim
197 1444 209 1473 «
224 1438 290 1482 non
304 1423 390 1496 pacis
402 1423 538 1496 bellique
550 1434 681 1494 nomen,
699 1421 754 1479 sed
771 1434 834 1491 res,
853 1420 907 1480 sed
920 1421 1082 1495 utriusque
1097 1422 1213 1485 condi-

116 1565 126 1590 1
148 1539 248 1598 tiones
269 1541 374 1598 ulrum
388 1539 453 1597 sint
477 1537 717 1612 amplectenda,
743 1540 853 1597 utrum
870 1538 1023 1610 fugiendae
1043 1539 1216 1601 decernere

118 1678 130 1705 u
154 1657 276 1728 oportet
292 1659 342 1728 (11.
360 1679 372 1709 s
389 1661 473 1731 sape
495 1670 581 1729 reges
596 1670 632 1716 eo
646 1657 826 1716 necessitate
839 1657 1038 1717 adducuntur
1049 1661 1086 1717 ut
1099 1671 1215 1732 paoem

116 1776 237 1836 feriant.
253 1778 310 1837 llla
323 1781 425 1839 autem
438 1778 547 1852 iniqua
557 1791 623 1837 esse
638 1778 755 1851 potest;
771 1778 929 1837 nonenim
943 1777 1214 1851 injuregentium

114 1898 217 1969 potius
231 1913 323 1973 quam
335 1901 367 1960 in
378 1900 449 1974 jure
459 1901 543 1962 civili
557 1915 593 1960 ex
604 1913 761 1962 consensu
771 1901 935 1960 hominum
944 1899 1216 1975 penuetoeqmas,

115 2024 150 2078 in
164 2034 240 2093 pace
255 2022 365 2082 Fenelo
386 2037 443 2096 pro
458 2038 524 2083 non
540 2025 662 2098 scriptis
680 2037 747 2083 esse
762 2023 896 2082 declarat
910 2022 1122 2098 conditiones,
1142 2038 1214 2086 non

115 2139 217 2197 solum
237 2141 263 2198 si
288 2155 366 2214 quas
387 2145 512 2202 coactus
534 2145 574 2202 sit
593 2144 693 2202 hostis
720 2144 842 2218 subire,
868 2144 922 2203 sed
946 2146 976 2204 et
1002 2145 1029 2203 si
1050 2158 1120 2218 quse
1145 2144 1215 2207 sint

115 2256 265 2329 ambigna
282 2259 482 2336 fallacesque,
499 2262 584 2321 unde
598 2275 691 2321 causa
705 2261 780 2320 helii
796 2275 958 2334 exsurgere
975 2265 1067 2335 queat
1080 2262 1138 2336 (3).

151 2381 186 2436 11
197 2379 325 2454 ntolopo
335 2381 372 2437 cle
381 2380 463 2438 Bello
472 2397 572 2451 sacro,
584 2382 666 2441 hanc
682 2381 902 2455 disputandam
916 2382 1121 2456 questionem
1131 2383 1214 2445 dicit

115 2501 238 2574 Eupolis
253 2522 261 2561 ι
284 2524 296 2552 «ι
313 2505 475 2576 Quousque
488 2503 604 2563 bellum
619 2516 741 2563 sacrum
756 2503 797 2561 sit
809 2503 1080 2581 prosequendum?
1093 2502 1218 2579 Nempe

118 2625 256 2680 «utrum
278 2637 376 2696 usqne
398 2625 438 2682 ad
461 2623 700 2682 eradicationem
722 2625 751 2683 et
770 2623 985 2684 exterminium
999 2623 1215 2698 populorum?

117 2762 130 2794 1
151 2745 245 2816 atque
255 2744 382 2816 insuper
400 2747 504 2804 utrum
519 2758 568 2804 res
589 2744 706 2804 adhoc
730 2743 910 2804 deducenda
925 2745 965 2803 sit
983 2744 1018 2802 ut
1031 2742 1110 2804 tides
1125 2757 1215 2807 nova

120 2885 133 2913 1
153 2865 247 2922 armis
260 2865 473 2940 compellatur,
490 2867 596 2936 religio
611 2865 690 2924 11111
704 2865 735 2925 ui
748 2867 778 2923 et
787 2863 947 2937 suppliciis
959 2863 1152 2939 vindicetur3
1165 2841 1212 2925 an

120 3003 131 3032 s
152 2982 302 3055 potiusut
318 2982 458 3054 regiones
468 2986 497 3040 et
507 2983 614 3056 populi
624 2983 819 3042 solummodo
834 2981 1046 3057 sunjugentur,
1058 2982 1216 3058 undepet·

119 3123 134 3153 s
154 3103 291 3175 gladium
307 3104 484 3163 secularem
505 3105 556 3163 via
580 3104 749 3177 reperiatur
772 3105 811 3163 ad
835 3104 974 3176 gladium
997 3104 1214 3179 spiritualem,

121 3247 133 3272 a
153 3224 204 3296 qui
220 3225 435 3300 persuasione,
451 3225 655 3284 instructione
670 3229 699 3283 et
713 3225 895 3298 hujusmodi
910 3225 1068 3298 remediis,
1083 3238 1153 3298 quae
1169 3227 1212 3286 ad

121 3362 134 3389 s·
154 3343 284 3401 salutem
299 3343 473 3402 animarum
488 3346 518 3401 11
531 3343 783 3403 informationem
803 3344 1061 3404 conscientiarum
1080 3344 1212 3418 proprio

153 3726 182 3789 11)
200 3727 237 3778 tn
249 3727 365 3794 apology
379 3729 407 3782 11
417 3729 461 3784 1111
475 3728 678 3785 1111111111.

153 3819 183 3880 l‘s'l
203 3816 270 3870 ibid.

151 3910 179 3963 ,tu
198 3910 313 3963 isauron
326 3911 359 3964 11
372 3912 545 3979 Consentaneo,
560 3916 626 3979 ote,
640 3927 720 3967 xrul.
740 3944 770 3951 --
784 3915 869 3969 lettre
885 3914 899 3969 1
914 3915 992 3970 louis
1004 3915 1066 3968 xit.
