2782 4868
607 354 795 416 -ldl-

150 532 164 562 a
187 509 294 568 ceteris
310 509 349 568 ad
365 509 571 580 cognitionem
586 511 715 569 istarum
730 511 929 584 prodessem,
953 514 979 570 si
1003 527 1062 586 rma
1081 515 1147 573 lreri
1167 529 1235 588 pos-

153 654 167 682 «
186 633 246 704 set,
264 644 356 703 quam
374 631 438 689 ista
457 633 534 690 mibi
553 633 584 690 in
604 633 665 692 uita
679 633 880 707 prodessent,
897 635 1015 706 reperio
1031 636 1155 708 quidem
1170 649 1239 696 meo

152 775 166 805 e
187 753 286 825 ipsius
300 753 422 823 labore,
439 755 504 813 ulla
518 756 585 813 sine
601 754 729 826 publicae
752 758 910 828 potcstatis
926 759 1027 830 parte,
1045 758 1123 816 nihil
1137 759 1241 846 utilius

154 895 166 924 a
188 872 291 931 afferri
306 886 397 944 posse
411 875 547 932 scientie
563 875 608 932 illi
623 888 716 948 quam
737 877 857 947 regulas
877 877 1071 950 rationesque
1089 878 1189 948 legum
1208 880 1241 935 in

155 1010 166 1039 l
187 989 341 1048 immensa
353 990 434 1048 mole
450 991 551 1062 colligi
564 1012 571 1049 :
584 993 666 1050 unde
677 1006 741 1052 uon
752 1005 881 1064 parvum
893 994 998 1072 lumen
1014 995 1102 1054 nouis
1121 996 1242 1054 casibus

152 1122 383 1168 «accessurum
414 1109 472 1184 sit,
503 1111 536 1168 in
561 1113 672 1184 quibus
698 1113 846 1172 fluctuent
869 1115 1083 1187 auctoritates,
1109 1115 1163 1174 sed
1188 1118 1236 1175 lex

155 1251 168 1280 s
189 1229 366 1289 confirmari
396 1231 514 1304 possit,
546 1231 658 1304 aperiri
684 1232 847 1305 aumages3
876 1233 1041 1305 inquibus
1069 1238 1170 1293 autem
1195 1236 1243 1292 lex

156 1370 168 1398 o
190 1349 343 1408 illustrata
363 1350 403 1407 sit
420 1351 619 1423 auctoritate,
643 1353 777 1410 attamen
799 1353 1028 1411 descensionum
1044 1354 1083 1412 sit
1101 1355 1192 1412 altius
1211 1356 1243 1413 in

156 1488 168 1516 o
187 1466 377 1538 judiciorum
397 1468 631 1540 regularumque
651 1469 787 1528 rationes
810 1483 905 1542 eaque
931 1471 1028 1541 magis
1050 1471 1186 1532 efficacia
1206 1473 1244 1531 ad

157 1584 321 1644 «aliomm
361 1597 487 1643 casuum
518 1585 723 1648 dubitationes
754 1586 904 1646 tollendas
933 1587 1073 1647 facienda
1099 1607 1106 1642 ε
1136 1588 1179 1646 ita
1213 1593 1246 1646 ut

157 1703 370 1763 «obscuritati
397 1704 519 1777 legum,
546 1718 607 1776 que
631 1705 710 1764 nibil
736 1706 868 1778 sapius,
893 1706 973 1765 nibil
992 1706 1106 1778 justius
1129 1708 1246 1779 legibus

158 1845 171 1874 o
192 1823 292 1895 gentis
312 1826 425 1884 nostra
444 1825 621 1897 exprobrari
640 1827 717 1885 solet
739 1826 797 1884 bac
817 1828 919 1898 atate,
941 1827 1141 1898 quantumin
1156 1828 1246 1887 nobis

159 1965 172 1994 «ι
193 1944 250 2016 sit,
266 1945 392 2017 aliquod
406 1945 621 2018 adjumentum
639 1946 773 2005 accedat.
790 1948 849 2004 Nec
864 1947 957 2007 modo
969 1947 1115 2005 tollentur
1127 1948 1245 2007 dubita-

160 2087 173 2116 «
194 2067 308 2135 tiones,
325 2067 520 2139 adiuvabitur
535 2068 628 2140 ratio,
650 2067 704 2126 sed
718 2071 748 2124 et
763 2067 956 2126 ornabuntur
972 2070 1165 2141 argumenta,
1180 2082 1246 2127 cor-

104 2220 107 2225 ·
159 2209 172 2238 s
194 2188 277 2245 recta
291 2186 377 2244 inani
393 2185 575 2260 subtilitate,
592 2187 632 2244 ad
647 2186 792 2245 eumdem
807 2186 961 2246 saniorem
976 2199 1101 2244 sensum
1116 2185 1249 2243 reductis

162 2328 173 2358 o
195 2305 328 2380 legibus,
344 2307 456 2366 amotis
476 2307 655 2378 vulgaribus
675 2306 829 2379 moribus,
845 2305 920 2379 quid
940 2305 1030 2377 plura
1048 2305 1169 2364 dicam?
1184 2318 1246 2362 ma-

163 2445 177 2475 «
195 2423 273 2484 licre
290 2423 371 2483 iacta
388 2425 499 2482 natura
513 2424 582 2496 ipsa
596 2424 626 2481 et
639 2423 817 2482 conditione
835 2425 931 2483 totius
943 2425 1032 2498 juris.
1053 2425 1124 2484 ideo
1143 2425 1248 2498 buius-

162 2562 175 2591 «
195 2540 433 2601 meditationes
451 2541 543 2613 digne
561 2542 591 2598 et
611 2540 829 2600 convenienter
851 2555 869 2599 a
889 2555 1002 2614 magno
1024 2543 1155 2601 Romani
1172 2541 1250 2614 juris

163 2681 176 2715 r
197 2661 348 2733 prudente
366 2661 465 2734 tepora
486 2661 563 2744 tapes
582 2664 750 2733 vocantur,
773 2660 845 2734 quia
861 2660 980 2733 placita
999 2661 1115 2734 tapam,
1137 2630 1249 2731 idest,
1305 2741 1306 2744 Ἴ

167 2805 180 2835 ι
198 2796 265 2856 quse
281 2784 377 2855 alege
392 2784 644 2857 praescribuntur,
658 2782 805 2843 facillime
824 2796 843 2841 a
860 2796 933 2842 vera
944 2782 1070 2854 justitie
1086 2782 1185 2856 ligura
1199 2783 1250 2840 ab·

165 2925 180 2955 e
200 2903 342 2976 horrent,
358 2904 419 2962 nisi
433 2904 553 2975 legibus
568 2904 635 2965 istis
651 2904 725 2976 ipsa
740 2906 897 2974 reguntur.
915 2926 926 2950 ι

201 3024 329 3097 regulas
342 3022 505 3095 magnifice
520 3024 626 3082 laudat
640 3027 779 3082 baconus
796 3043 802 3080 ι
820 3013 943 3080 easdem
957 3021 1153 3080 uehementer
1168 3021 1252 3079 dam-

165 3149 220 3205 nat
234 3147 371 3220 prudens
388 3145 532 3218 quidam,
556 3158 617 3217 quo
634 3157 725 3204 nemo
744 3145 825 3202 inter
846 3143 1031 3202 recentiores
1052 3142 1138 3201 cordi
1157 3144 1254 3212 magis

167 3265 273 3326 babuit
290 3264 519 3338 philosophiam
538 3279 610 3325 cum
632 3265 700 3337 jure
719 3264 865 3337 conjungi
882 3264 934 3336 (l).
952 3263 1029 3332 Quid
1049 3263 1151 3321 enimi
1169 3263 1254 3320 nullo

122 3391 125 3396 ’
166 3383 259 3441 modo
275 3382 409 3441 rationes
423 3383 525 3454 legum
536 3382 662 3455 reperiri
677 3385 825 3455 possunt,
849 3383 958 3441 nisiex
974 3396 1093 3456 quaque
1108 3396 1200 3441 causa
1216 3382 1255 3440 ad

164 3501 316 3575 justitiam
331 3504 429 3576 ipsam
445 3504 850 3577 ascendatur,quaecu1nuue
865 3504 967 3563 media
981 3504 1043 3562 sint
1053 3502 1254 3574 negligantur.

167 3624 233 3680 lton
255 3624 357 3681 autem
372 3624 492 3680 tantum
513 3622 650 3683 laborem
671 3621 729 3679 sibi
746 3621 923 3679 incumbere
937 3621 1095 3693 patiuntur
1114 3619 1166 3690 qui
1181 3631 1255 3689 quo·

169 3743 243 3802 tidie
254 3743 324 3816 jure
333 3746 472 3815 utuntur,
486 3743 538 3800 aut
549 3743 588 3800 ad
599 3741 809 3801 defendendas
824 3743 876 3800 aut
894 3741 932 3798 ad
940 3737 1125 3811 judicandas
1139 3749 1256 3794 causae.

170 3868 210 3925 lis
235 3867 309 3926 satis
330 3869 393 3941 est,
418 3867 444 3925 si
465 3866 540 3940 quid
558 3867 650 3925 latius
673 3867 756 3938 patet
777 3878 868 3939 quam
890 3876 980 3922 casus
996 3875 1093 3934 unus,
1118 3861 1200 3934 quod
1219 3863 1257 3918 ad

170 3988 274 4058 plures
289 3987 435 4062 pertinet,
453 3987 604 4046 rationem
613 3988 735 4046 vocant.
753 3985 808 4042 Ubi
824 3984 963 4042 eamdem
988 3982 1123 4053 regulam
1147 3981 1178 4038 in
1203 3980 1256 4037 ali·

206 4355 238 4418 tl)
257 4356 288 4410 ll.
302 4355 399 4419 bodot,
414 4355 544 4411 Premicrs
559 4354 646 4408 llssals
658 4353 692 4407 dc
706 4350 875 4416 dlntosepbie
887 4349 921 4403 du
936 4350 1025 4414 broit,
1040 4361 1065 4414 p.
1081 4349 1112 4400 80
1123 4349 1149 4400 et
1164 4360 1222 4411 sqq.
