2782 4868
606 326 776 388 ..50-

146 486 247 544 antem
263 481 409 559 mutatis,⁴
425 481 473 539 lna
488 479 646 539 mutentur
659 481 689 538 et
704 479 779 552 ipsa
793 489 917 536 neeesse
931 480 987 536 ast.
1001 478 1065 562 lllu
1085 496 1098 530 «
1115 494 1186 540 non
1207 482 1243 542 in

149 625 160 654 «ι
182 605 302 675 omnus
325 600 463 674 aliquod,
489 599 543 658 sed
562 600 716 672 perpetua
745 597 885 656 utilitatis
905 609 999 656 eausa
1024 597 1058 656 in
1087 603 1245 659 aternum

148 744 158 774 u
180 720 418 796 eonduntnrfl).
431 741 444 773 s
456 721 605 792 utrasque
612 720 715 779 anum
726 717 913 789 distinguere
922 718 1029 790 magni
1036 720 1083 778 ast
1095 733 1241 781 momen-

146 843 184 915 ti,
203 843 386 915 neeinjnria
398 843 561 901 ilenrioum
577 843 625 901 Vll
643 840 781 901 laudavit
799 841 904 898 noster
927 839 1009 912 quod
1029 839 1111 912 leges
1135 841 1243 901 urlerit

145 974 210 1021 non
223 962 307 1023 horae
322 961 378 1020 uni
395 961 577 1035 servientes,
603 961 657 1021 sed
675 961 709 1019 in
724 960 863 1019 luturum
883 959 1087 1034 prospexerit,
1108 972 1242 1032 regnunt

144 1081 243 1152 magis
257 1081 416 1154 magisque
430 1094 613 1154 prosperum
628 1079 696 1138 fleri
714 1079 842 1152 cupiens
858 1079 912 1152 (a).

180 1198 280 1264 Quum
303 1195 443 1254 utilitatis
468 1209 563 1254 eausa
583 1196 698 1254 teratur
721 1194 788 1267 lex,
813 1195 1013 1266 consequitur
1036 1207 1104 1255 earn
1133 1216 1148 1244 α
1168 1209 1244 1255 oum

147 1337 160 1370 ι
181 1318 282 1377 forma
295 1317 408 1390 politia
425 1331 593 1389 congruam
615 1330 681 1375 esse
697 1316 806 1375 (luere
824 1314 911 1389 (3).-
936 1317 1025 1376 lllam
1047 1328 1114 1375 esse
1138 1317 1244 1388 digni-

146 1438 238 1496 tatem
247 1438 324 1509 legis
339 1437 446 1497 scribit
459 1442 597 1498 Buconus
613 1457 621 1494 t
639 1438 724 1496 deest
737 1451 810 1496 vero
820 1437 859 1497 (ie
868 1437 929 1496 ista
940 1437 1073 1496 libellus.

180 1560 247 1616 Non
261 1558 349 1617 aliter
363 1557 440 1617 dixit
453 1558 627 1617 Aristoteles
641 1577 648 1615 ε
667 1568 769 1627 §asupio
781 1563 818 1613 ὅτι
832 1561 868 1611 δεῖ
877 1566 935 1625 πρὸς
955 1567 1000 1616 τὴν
1013 1562 1134 1613 πολιτείαν
1146 1561 1248 1611 xristau

146 1686 202 1742 τοὺς
214 1686 309 1748 νόμους.
325 1669 389 1737 lile
400 1691 449 1747 μὴν
462 1685 482 1734 εἰ
493 1689 580 1746 τοῦτο,
596 1684 666 1740 δῆλον
678 1686 717 1735 ὅτι
738 1687 793 1739 τοὺς
816 1685 859 1744 μὲν
880 1684 943 1734 κατὰ
966 1683 1010 1738 τὰς
1028 1681 1099 1745 ὀρθὰς
1119 1682 1247 1739 ouius&

147 1793 274 1857 ἀναγκαῖον
287 1791 345 1845 εἶναι
359 1795 477 1856 δικαίους,
490 1801 545 1854 τοὺς
560 1796 585 1845 δὲ
598 1799 660 1847 κατὰ
672 1798 716 1852 τὰς
727 1796 927 1858 παρικόὤηκυίας
939 1793 967 1846 οὗ
978 1793 1081 1872 iunius&
1093 1790 1136 1856 [3).
1207 1861 1209 1864 ⁴

82 1926 84 1931 ¹
183 1903 302 1964 monim
316 1905 458 1964 utilitatis
479 1907 620 1966 omnium
641 1918 734 1966 eausa
755 1905 954 1965 constitutam
978 1917 1044 1964 esse
1064 1904 1248 1965 societatem

148 2023 315 2096 quamdam
329 2024 482 2084 diximus:
508 2039 601 2099 quam
617 2027 709 2098 igitur
723 2026 892 2099 assumpsit
905 2025 1056 2100 formam,
1078 2025 1161 2085 hane
1174 2040 1245 2089 om·

148 2145 236 2204 nium
250 2160 373 2220 quoque
396 2147 543 2206 interesse
561 2160 685 2207 neeesse
704 2149 760 2207 est.
786 2150 841 2205 Lex
863 2147 965 2205 autem
984 2145 1125 2205 utilitatis
1149 2160 1248 2209 eausa

147 2265 303 2325 introduci
313 2266 403 2326 debet
419 2287 426 2324 ε
443 2282 539 2341 quum
548 2266 641 2339 igitur
651 2267 762 2326 referat
772 2266 914 2325 omnium
927 2265 1060 2325 formam
1074 2264 1248 2337 quamdam
1281 2330 1284 2335 ,

149 2388 280 2447 civitatis
313 2401 457 2461 monere,
493 2389 546 2460 qui
584 2388 660 2446 utile
690 2386 788 2459 possit
823 2385 959 2445 mictum
993 2383 1119 2457 aliquod
1150 2383 1245 2459 terri,

147 2502 242 2561 iidem
252 2502 462 2561 contrarium?
477 2500 556 2570 Quiri
571 2502 674 2559 umen
689 2501 716 2559 si
732 2501 802 2573 ipsa
815 2499 990 2576 reipublioae
1010 2498 1110 2558 torma
1124 2498 1246 2558 civibus

147 2621 267 2681 inutilis
284 2633 351 2680 esse
369 2620 499 2680 debeat?
517 2621 600 2678 inno
620 2621 702 2690 leges
718 2633 754 2679 eo
770 2619 910 2679 utiliores
925 2618 1090 2692 essequod
1105 2632 1124 2676 a
1140 2603 1241 2692 reipu-

148 2738 235 2797 blicae
250 2737 350 2796 forma
365 2736 551 2810 abhorreant
565 2749 653 2796 reor:
677 2736 731 2796 sed
754 2736 897 2796 homines
916 2749 1011 2810 penes
1031 2749 1110 2810 quos
1129 2736 1190 2795 sita
1204 2737 1245 2795 sit

150 2871 255 2918 earum
269 2859 467 2919 ferendarum
477 2860 612 2932 potestas
622 2902 630 2934 ‚
642 2858 675 2917 id
690 2859 754 2932 est,
772 2871 904 2931 quorum
920 2858 1041 2917 intersit
1055 2857 1168 2916 durare
1182 2858 1243 2917 ior·

149 2991 232 3038 mam
241 2979 345 3054 illam,
360 2979 403 3040 ita
417 2980 651 3040 commodorum
666 2992 794 3040 suorum
810 2978 950 3038 oblivisci
965 2977 1057 3055 utils
1072 2978 1244 3038 contrarias
1289 3035 1294 3040 .

149 3098 230 3170 loges
244 3100 315 3160 ferri
331 3101 506 3176 patiantur,
520 3102 583 3160 imo
599 3101 715 3173 ferant,
732 3099 861 3159 minime
881 3098 1047 3159 verisimile
1062 3100 1117 3157 est.
1134 3100 1241 3158 Prote·

56 3247 57 3250 π
149 3233 200 3278 rea
210 3234 387 3294 quanquam
399 3236 479 3295 sape
495 3221 595 3281 evenit
608 3223 743 3310 pessimo
755 3221 904 3295 regimine
919 3221 964 3279 uti
974 3220 1127 3294 civitates,
1144 3221 1241 3293 qnod·

151 3352 281 3412 oumque
293 3341 338 3398 est
351 3340 505 3412 regimen,
520 3339 668 3412 quamdiu
684 3339 787 3413 durat,
803 3339 920 3399 honum
931 3352 997 3399 esse
1012 3339 1243 3413 conjiciendum

153 3461 199 3520 est
212 3462 242 3518 et
256 3462 370 3534 optime
386 3462 557 3521 commodis
574 3461 714 3520 omnium
730 3462 782 3520 aut
804 3464 883 3520 certe
905 3461 1121 3534 plerorumque
1137 3474 1244 3520 conus

148 3580 234 3638 nire:
251 3581 299 3639 sin
316 3581 419 3639 minus
434 3581 556 3640 nullum
570 3581 620 3653 jus
637 3582 796 3653 publicum
813 3595 880 3640 esse
898 3582 1008 3653 potest.

189 4032 217 4092 (li
239 4032 265 4082 T.
278 4031 331 4083 liv.
346 4045 451 4094 xxxiv,
467 4045 489 4084 s.

188 4122 220 4182 (i)
240 4119 306 4172 llist.
320 4121 393 4185 regis
407 4120 514 4174 llenriei
527 4122 575 4172 Vll.

189 4210 219 4271 (3)
236 4210 354 4263 Dolout.
369 4212 455 4274 juris,
467 4223 516 4267 vri.

191 4303 220 4361 lli
241 4300 315 4353 Polit.
330 4301 376 4354 lio.
393 4317 431 4365 nr,
447 4318 504 4371 rao.
518 4320 554 4360 rr«
568 4336 598 4342 κ
612 4305 710 4358 ΙὼΠὴ.
727 4319 771 4370 nr,
786 4319 843 4372 cap.
864 4319 881 4357 rr
