2782 4868
596 415 784 477 -135-

140 577 296 655 judicem,
311 587 406 648 supra
419 585 451 631 sa
461 572 584 631 habent.
601 570 686 630 lllius
705 571 751 629 est
767 564 859 641 igitur
872 566 1032 640 providere
1044 580 1091 627 ne
1111 568 1235 628 solertia

145 698 181 754 in
197 692 340 755 astutiam
349 691 446 751 vertat
456 703 517 748 neu
527 689 637 762 quibus
647 687 787 747 auxiliari
803 686 932 746 debeant
947 687 1078 759 spoliare
1094 689 1234 760 possint:

146 808 221 891 pars
236 814 283 873 est
300 810 481 897 integritatis
496 809 636 882 judicum
658 807 774 866 scribas
793 807 1013 879 ministrosque
1033 820 1139 885 eorum
1158 809 1235 867 inte-

148 948 222 1006 gros
236 944 313 991 esse.
324 931 395 989 ldeo
412 926 655 1000 baconusjntiioi
665 926 789 985 cuidam
799 927 897 985 multa
908 927 969 986 alia
982 927 1079 986 suasit
1089 928 1119 986 et
1132 927 1165 985 in
1175 926 1236 1000 pri-

149 1051 212 1108 mis
227 1060 299 1108 enm
314 1048 453 1108 hortatus
471 1048 517 1104 est
540 1048 575 1104 ut
600 1068 612 1096 r
629 1057 700 1104 suas
721 1057 908 1119 suorumque
932 1044 981 1119 (id
996 1046 1041 1102 est
1058 1045 1170 1104 horum
1185 1044 1239 1119 qui

153 1187 166 1218 e
188 1166 305 1225 circum
329 1178 361 1223 se
386 1162 504 1236 essent)
524 1175 635 1221 manus
650 1165 749 1222 castas
762 1163 1014 1236 incorruptasque
1029 1165 1239 1224 amuneribus

155 1306 167 1335 a
190 1281 392 1356 tueretur(1).
413 1304 426 1332 ν

190 1402 350 1474 Quomodo
361 1405 461 1460 autern
469 1401 638 1460 scribarum
648 1401 831 1460 innocentiae
839 1403 1017 1462 consulatur
1025 1416 1134 1464 exuno
1144 1417 1244 1464 exem·

153 1523 208 1596 plo
221 1522 312 1582 facile
325 1521 514 1592 intelligitur.
530 1520 586 1579 llla
599 1521 633 1579 in
651 1521 819 1593 concione,
834 1534 927 1594 quarn
941 1521 1062 1596 habuit,
1077 1522 1155 1583 inita
1170 1538 1240 1584 oan-

155 1641 273 1702 cellarii
285 1640 386 1714 ouria,
400 1652 466 1697 sese
480 1639 643 1711 pollicetur
653 1639 837 1711 exemplaria
850 1639 1083 1710 diligentissime
1095 1641 1243 1716 visurum,

155 1765 192 1823 ut
201 1762 241 1820 sit
252 1762 354 1833 justus
368 1760 521 1819 linearum
535 1772 699 1832 numerus,
715 1758 783 1816 sine
797 1758 957 1817 inutilibus
971 1760 1043 1818 ullis
1058 1761 1178 1834 scriptis
1189 1762 1243 1837 (Ξ).

156 1881 301 1940 secutum
315 1880 360 1938 est
374 1878 530 1937 decretum
546 1895 554 1935 r
573 1899 584 1928 r
597 1878 707 1936 Omnia
721 1878 924 1951 exemplaria,
946 1878 978 1935 in
997 1879 1171 1939 cancellarii
1193 1895 1244 1940 cu·

160 2022 172 2050 α
195 1999 258 2072 ria,
278 1998 455 2072 qninoenm
472 2011 578 2056 tersus
592 1999 770 2058 continento
784 1999 818 2057 in
836 2000 949 2072 pagine
962 2014 1100 2075 quoque,
1116 2001 1246 2074 scriptos

161 2141 174 2170 tt
196 2133 233 2177 ex
243 2118 366 2191 ordine,
383 2117 470 2176 nullo
488 2118 586 2191 spatio
601 2117 794 2192 intermisso,
815 2118 1024 2179 subscribente
1038 2119 1246 2194 nomenprin-

162 2263 175 2292 a
197 2240 264 2313 cipe
288 2239 370 2298 clero
394 2236 506 2309 officii,
531 2237 565 2294 in
589 2250 651 2310 quo
676 2237 790 2310 scripta
804 2238 883 2310 sint,
901 2239 953 2296 aut
968 2239 1034 2310 ejus
1048 2240 1176 2315 vicario,
1194 2256 1248 2314 per

161 2381 176 2414 «
197 2373 288 2434 quem
301 2359 367 2432 ipse
378 2359 531 2431 teneatur3
546 2371 587 2417 ne
601 2372 662 2432 qua
678 2363 780 2417 autern
800 2358 931 2432 pecunia
944 2373 1000 2431 pro
1024 2360 1248 2434 subscriptione

165 2502 178 2532 r
199 2480 259 2539 ista
273 2479 409 2549 exigatur
420 2478 473 2550 (3).
488 2499 499 2529 a

197 2599 367 2658 Verisimile
387 2600 434 2657 est
453 2599 609 2657 decretum
629 2599 709 2657 ilintl
729 2613 794 2658 non
814 2613 833 2657 a
850 2603 969 2659 Bacouo
988 2601 1123 2673 primum
1146 2603 1244 2661 latum

161 2733 248 2794 esse,
264 2718 336 2795 sed,
358 2719 404 2778 uti
418 2722 521 2778 Rornae
535 2718 595 2776 fuit
607 2730 678 2791 pars
693 2716 784 2777 edicti
805 2732 897 2791 quam
912 2721 1059 2791 pretores
1079 2734 1188 2781 omnes
1208 2723 1249 2780 ad

162 2851 197 2896 se
220 2836 352 2896 invicem
375 2837 539 2895 transferre
563 2835 645 2894 soliti
669 2839 777 2908 eraut,
801 2834 885 2894 unde
911 2835 1039 2893 edictam
1062 2835 1250 2894 tralaticium
1346 2842 1353 2847 '

163 2956 282 3016 dietum
307 2958 362 3030 est,
387 2956 430 3015 ita
450 2956 483 3013 in
506 2957 674 3027 anglorum
694 2956 948 3015 cancellariorum
971 2956 1077 3015 edictis
1098 2958 1250 3016 nonnulla

160 3076 348 3152 jampridem
369 3078 412 3135 ita
431 3076 600 3136 obtinuisse
625 3080 659 3136 ut
679 3077 754 3148 legis
776 3077 839 3136 vim
861 3078 988 3137 omnino
1008 3078 1167 3150 haberent,
1193 3093 1250 3136 nec

163 3197 327 3270 quispim
346 3210 382 3256 ea
398 3198 538 3257 omittere
553 3199 725 3257 sustineret.
744 3201 802 3256 Neo
821 3198 1008 3257 credendum
1026 3200 1072 3257 est
1084 3202 1251 3270 Beronum,

164 3316 218 3390 qui
233 3329 281 3375 res
295 3329 392 3376 noras
406 3317 440 3375 in
450 3315 591 3375 doctrine
600 3315 682 3376 civili
695 3329 805 3389 parum
815 3316 966 3390 probarit,
978 3317 1119 3390 antiquas
1131 3330 1252 3376 summa

165 3749 235 3816 llll)
256 3749 302 3804 llis
319 3751 472 3818 bordship's
493 3751 592 3818 speech
613 3753 641 3804 in
653 3750 698 3805 the
717 3764 840 3806 common
858 3751 934 3818 pleas
949 3754 976 3806 to
988 3744 1251 3806 tustioe'llutton-

167 3841 312 3894 serrorum
325 3853 432 3909 quoque
450 3855 545 3895 manus
559 3841 727 3895 continendae
745 3846 808 3895 suut
823 3858 830 3893 ι
847 3842 878 3893 lt.
894 3838 1094 3907 lhe2passoges
1106 3841 1134 3893 in
1154 3841 1252 3896 Parlia·

166 3935 241 3984 ment
262 3931 367 3997 against
384 3933 470 3985 bacon
479 3946 486 3995 ;
512 3934 539 3984 to
559 3931 606 3984 the
621 3934 725 3998 twenty
741 3930 815 3998 eight
826 3929 919 3993 article
934 3930 964 3983 ot
980 3931 1024 3984 the
1036 3931 1151 3998 charge:
1174 3932 1252 3985 «lhe

170 4039 181 4067 r
201 4019 423 4075 lortlchanoellor
432 4021 498 4074 halb
507 4020 588 4087 giren
599 4035 659 4088 way
669 4025 696 4074 to
705 4026 781 4087 great
793 4022 931 4077 exections
942 4022 980 4090 by
989 4023 1034 4076 his
1044 4026 1176 4089 servants,
1187 4023 1252 4078 both

170 4128 181 4155 r
201 4109 231 4161 in
244 4112 350 4177 respect
364 4111 393 4163 oi
403 4113 507 4178 private
522 4110 592 4164 seals
607 4112 659 4165 ond
674 4112 818 4166 otherwise
830 4111 871 4165 ior
884 4112 988 4178 sealing
1002 4113 1031 4167 ol
1043 4114 1220 4179 injunctions.
1239 4135 1250 4163 ι

203 4203 234 4266 (2)
249 4201 302 4256 The
313 4202 391 4255 obeat
403 4203 431 4254 ol
442 4203 497 4256 that
506 4202 593 4255 which
606 4217 661 4256 was
673 4204 776 4270 spoken
787 4204 823 4270 by
834 4204 879 4258 the
893 4204 959 4259 bord
971 4206 1071 4272 heeper
1083 4205 1112 4258 ol
1122 4206 1167 4260 ihc
1177 4210 1253 4271 great

134 4360 138 4364 ³
170 4292 227 4344 real
239 4293 267 4344 oi
279 4293 414 4357 bagiano,
428 4297 482 4348 eto.

206 4384 236 4447 (3)
254 4384 415 4437 tlrrlinauces
427 4383 456 4439 in
470 4384 613 4453 chancerp,
628 4389 671 4439 tii.
