2782 4868
608 288 774 354 -5p..

148 453 289 512 1111111111
305 448 456 522 meipsum
471 446 631 506 consulere
645 445 871 520 commiretur,
894 447 956 505 nisi
975 448 1054 508 torte
1067 462 1168 523 poena
1183 450 1243 511 ali·

148 584 210 645 qua
232 566 386 630 sanciatur
409 568 475 639 lex,
496 565 526 623 iti
543 566 603 639 est,
631 565 658 624 si
677 577 746 625 eam
761 578 883 626 servare
904 573 1017 640 cogar?
1042 569 1122 639 Quid
1148 578 1244 632 vero?

148 691 273 751 ltultum
296 689 376 747 inter
394 700 428 746 sc
442 685 588 745 differunt
600 686 669 757 cogi
685 686 715 744 et
728 699 845 758 parere.
867 687 958 748 lnviti
980 689 1064 749 enim
1084 676 1243 767 cogimur,

148 810 278 870 libentes
292 820 445 882 paremus.
466 809 572 865 Parere
587 807 689 864 autem
702 804 757 864 uhi
769 806 817 865 lex
831 806 986 867 nobismet
1001 808 1078 882 ipsis
1086 809 1177 868 utilis
1190 810 1244 869 ha-

149 932 248 1004 hetur,
263 927 355 990 nohis
367 927 549 987 facillimum
560 927 623 1000 est,
637 939 695 985 nec
709 926 775 998 jam
789 928 835 984 est
848 936 956 1000 putere
970 946 978 985 ε
993 940 1101 1003 pares,
1121 929 1149 988 si
1165 930 1243 1004 quio

152 1053 180 1109 te
193 1048 290 1122 ledit,
309 1047 394 1121 quoti
415 1049 518 1107 tamon
536 1046 637 1105 lihons
652 1058 774 1106 servare
789 1046 933 1107 videaris.
948 1051 1012 1108 lloc
1032 1049 1079 1107 est
1092 1050 1180 1123 quod
1192 1050 1243 1111 lex

152 1169 191 1228 ah
206 1168 351 1228 omnilius
363 1168 541 1228 hominihus
551 1167 621 1240 jure
636 1170 771 1239 repetere
781 1166 897 1241 possit,
911 1169 947 1225 ut
959 1171 1113 1240 pareatur.

188 1292 278 1360 Leges
288 1289 512 1347 consentaneas
522 1299 589 1349 esse
599 1286 861 1360 oportetjustitiae‚
877 1287 1049 1361 culparem
1062 1289 1243 1365 rationein-

152 1411 271 1469 hcmur.
285 1413 359 1468 vere
368 1409 461 1480 igitur
471 1407 585 1466 tullius
597 1407 695 1479 legem
709 1407 786 1466 dixit
799 1421 865 1468 esse
883 1430 894 1460 α
911 1408 1062 1469 rohonem
1071 1409 1246 1484 proiectam
1296 1468 1299 1473 ,

155 1551 167 1577 ι
188 1541 319 1589 aretum
333 1529 444 1586 namra
456 1527 487 1586 et
500 1525 541 1586 ati
550 1527 630 1585 recte
640 1525 816 1586 iacientium
831 1526 1039 1600 impellentem
1052 1529 1083 1586 et
1096 1541 1116 1587 a
1130 1527 1245 1589 ‹leheto

157 1612 381 1720 «avocantem3
409 1660 476 1719 puae
496 1660 561 1706 non
583 1648 648 1705 tum
677 1647 809 1720 denique
830 1645 939 1720 incipit
964 1646 1015 1707 lex
1038 1650 1120 1723 essi,
1146 1662 1245 1723 quum

157 1786 169 1816 c
189 1767 303 1840 scripta
324 1768 385 1839 est,
409 1766 465 1825 seh
481 1768 563 1838 tum,
588 1778 683 1838 ouum
702 1768 769 1824 orta
787 1767 843 1824 est.
865 1767 936 1826 orta
956 1767 1004 1826 est
1021 1767 1125 1827 autem
1150 1769 1246 1830 simul

156 1904 170 1933 ι
191 1898 262 1943 cum
280 1885 382 1944 mente
396 1883 511 1944 divina.
533 1882 736 1953 Quamobrem
749 1885 798 1944 lex
812 1898 885 1945 vera
898 1889 988 1961 atque
1010 1887 1156 1961 princeps
1172 1890 1247 1963 apta

159 2027 173 2056 1
189 2005 230 2064 ad
240 2004 412 2078 jubendum
427 2006 456 2063 et
466 2004 506 2063 ad
517 2004 685 2064 velandum
700 2006 777 2065 ratio
791 2008 929 2067 ostreola
938 2009 1053 2067 summi
1063 2009 1147 2069 lovis
1156 2007 1210 2083 (ll.
1228 2030 1243 2062 s

191 2128 259 2185 Non
274 2125 361 2185 aliter
379 2127 409 2184 ei
426 2126 510 2203 Plato
526 2125 605 2184 nihil
620 2139 686 2184 esse
703 2127 870 2201 unicuique
889 2129 1031 2187 nostrum
1048 2128 1248 2190 commodius

156 2249 283 2320 clamat,
301 2263 395 2323 qoam
407 2251 442 2308 ui
453 2262 471 2308 a
484 2249 612 2309 domino
627 2250 763 2323 quodam
777 2250 915 2324 sapiente
930 2250 1099 2324 divinoque
1112 2254 1249 2328 regatur,

156 2372 221 2433 sive
242 2373 299 2431 iste
318 2373 402 2431 intus
416 2372 546 2446 habitet,
569 2373 652 2446 quod
674 2372 785 2433 melius
809 2372 866 2444 sit,
890 2372 954 2432 sive
975 2371 1163 2433 extrinsecus
1187 2374 1247 2432 im-

156 2494 242 2566 peret
254 2492 307 2567 ii),
318 2495 348 2552 et
361 2493 534 2552 Aristotcles
548 2493 586 2552 ab
606 2507 642 2552 eo
656 2492 709 2566 qui
719 2492 805 2566 juhet
819 2494 970 2566 imperare
982 2493 1080 2566 legem
1091 2492 1195 2567 juherl
1212 2498 1248 2554 ut

157 2609 309 2683 imperent
329 2610 404 2670 deus
423 2611 619 2686 animusque,
639 2611 678 2670 ah
696 2625 732 2671 eo
752 2611 804 2684 (pul
816 2611 902 2684 juhet
917 2612 1067 2686 imperare
1086 2613 1248 2674 hominem

154 2727 255 2800 juberi
265 2742 386 2802 quoque
395 2730 430 2788 ut
444 2729 573 2803 imperet
581 2728 679 2789 hestia
689 2730 777 2789 [locct
792 2728 843 2804 (3).

193 2846 272 2917 Quid
286 2853 379 2907 vero?
397 2870 409 2900 1
430 2847 518 2920 liqui
532 2862 597 2908 non
612 2849 710 2920 legem
724 2848 869 2909 honama
887 2851 986 2922 mala,
1010 2849 1097 2909 nulla
1110 2849 1171 2911 alia
1185 2852 1247 2910 nisi

162 2985 174 3014 l
195 2966 312 3024 naturae
328 2980 455 3040 norma,
473 2967 608 3028 dividere
627 2980 812 3041 possumus:
829 2981 886 3028 nec
900 2968 1002 3028 solum
1014 2968 1065 3042 jus
1084 2970 1114 3028 et
1134 2969 1249 3042 injuria

163 3105 175 3136 o
196 3099 215 3145 a
239 3086 350 3146 natura
372 3086 599 3163 dijudicantur,
625 3088 678 3147 sed
702 3088 832 3148 omnino
848 3088 953 3147 omnia
976 3088 1107 3148 honesta
1129 3101 1166 3148 ac
1190 3090 1249 3147 tur-

157 3226 175 3295 o
196 3206 248 3278 pia
266 3208 350 3281 til.»
373 3209 602 3284 Philosophiam
626 3210 826 3284 amplectatur
845 3211 1026 3282 legumlator
1049 3222 1175 3269 necessa
1192 3213 1247 3301 est.

161 3327 233 3386 lieo
259 3332 397 3388 Bacchus
417 3330 455 3387 (11
473 3331 713 3401 lege-communi
730 3331 773 3404 (ti)
804 3331 967 3391 scribendo
993 3345 1058 3392 non
1080 3330 1175 3391 modo
1198 3342 1249 3392 va·

163 3445 301 3508 rietatem
325 3448 397 3507 huic
422 3448 523 3507 111111
543 3462 609 3509 ase
625 3448 726 3509 afferri
748 3451 849 3525 cupit,
875 3452 929 3510 sed
953 3452 984 3511 et
998 3464 1033 3510 ex
1052 3449 1250 3525 philosophia

201 3915 232 3980 (l)
250 3915 287 3967 lle
301 3913 352 3980 leg.
367 3927 401 3980 ll,
416 3916 441 3967 l.

200 4003 232 4068 (t)
250 4003 380 4058 hohhus.

202 4094 231 4159 (3)
250 4093 325 4148 Polit.
339 4109 386 4162 ln,
407 4111 437 4150 ll.

201 4185 232 4249 ill
253 4185 305 4239 iiic.
317 4186 421 4254 dehcg.
437 4202 460 4253 l,
480 4189 518 4242 to.

202 4277 231 4338 (ll
254 4275 460 4333 Commota-icto.
