2782 4868
615 342 781 404 ..qq-

151 520 316 582 bominum
330 519 481 593 subjectos
495 531 561 576 esse
571 517 683 576 mirum
694 518 750 576 sit:
765 520 927 590 utrumque
943 516 1023 575 inter
1038 531 1070 576 se
1086 518 1239 586 coherere

151 641 235 714 patet
248 640 278 699 et
293 651 414 712 semper
429 637 562 708 anglicis
581 636 791 696 sacerdotibus
807 637 880 694 tune
896 636 929 695 in
945 637 1070 695 prefuit
1086 637 1127 710 (t)
1146 657 1152 695 :
1170 642 1238 696 Par-

147 761 296 819 tiamento
306 771 378 818 vero
390 757 560 830 displicuit,
572 770 633 829 quo
640 751 779 830 petente,
796 755 860 815 tolli
874 755 966 830 jussit
979 757 1111 816 Jacobus
1124 757 1239 816 librum

150 879 335 954 quemdam,
358 878 390 936 in
411 892 471 951 quo
493 875 641 950 scriptum
663 880 727 936 erat
745 877 864 948 legibus
885 878 979 936 nuliis
1000 872 1155 937 subditam
1174 892 1240 936 esse

149 1001 266 1072 regiam
281 1003 462 1073 potestatem
480 1000 533 1072 (Ξ).

187 1123 327 1178 Baconus
345 1129 433 1192 vero,
455 1119 595 1190 quamvis
615 1119 680 1191 ipse
702 1116 807 1176 divino
828 1131 864 1175 ex
884 1117 969 1176 fonte
989 1114 1089 1175 ortam
1109 1128 1176 1175 esse
1191 1119 1239 1173 re'-

148 1241 234 1311 giam
255 1241 436 1312 potestatem
460 1240 616 1312 professus
641 1239 694 1312 sit,
717 1253 878 1312 nunquam
902 1253 937 1298 eo
963 1238 1114 1297 adductus
1138 1241 1184 1297 est
1208 1242 1241 1296 ut

149 1359 292 1419 eamdem
307 1372 401 1430 supra
413 1359 496 1429 leges
510 1370 576 1416 esse
591 1355 788 1427 confiteretur
799 1374 806 1412 ε
819 1357 881 1414 imo
898 1355 966 1415 eam
981 1355 1061 1414 nihil
1076 1356 1161 1415 aliud
1176 1370 1242 1414 esse

150 1489 246 1552 quam
256 1468 465 1550 legisipartem
481 1475 571 1549 dixit,
584 1490 642 1534 neo
656 1475 753 1546 alege
769 1476 904 1548 separari
920 1489 1027 1550 posse,
1044 1476 1098 1534 scd
1114 1476 1158 1536 ita
1171 1491 1242 1536 cum

149 1614 187 1659 ea
204 1599 403 1672 coniunctam
418 1611 485 1656 esse
500 1599 535 1655 ut
555 1597 581 1655 si
606 1597 675 1669 quis
689 1609 785 1654 unam
799 1598 897 1664 curet,
924 1596 1051 1655 alteram
1067 1611 1131 1656 non
1146 1599 1244 1670 possit

152 1733 218 1778 non
235 1729 342 1777 curare
357 1717 409 1790 (3).
428 1716 547 1775 scilicet
562 1715 674 1788 duplex
690 1718 735 1773 est
749 1724 864 1772 munus
878 1715 971 1789 tegis,
989 1715 1072 1787 quod
1087 1716 1127 1774 ad
1141 1730 1244 1787 regem

151 1835 280 1893 attinet:
296 1834 370 1893 binc
385 1833 468 1892 enim
483 1833 587 1905 ipsum
602 1830 719 1890 indicat
734 1831 894 1904 creatque,
911 1831 1078 1904 desinitque
1092 1833 1159 1906 ejus
1173 1833 1243 1891 titu-

151 1956 233 2028 lum,
246 1954 376 2028 exempli
388 1953 496 2027 gratia,
507 1952 817 2026 femininamprolem
832 1965 850 2011 a
865 1966 959 2024 regno
975 1953 1110 2012 arcendo
1124 1972 1131 2011 ε
1144 1954 1243 2027 illinc,

151 2073 238 2146 quod
254 2072 489 2132 infelicissimis
505 2072 608 2130 iacobi
623 2072 814 2145 temporibus
827 2073 985 2132 mentione
999 2073 1163 2144 indignum
1179 2086 1244 2131 esse

152 2195 261 2254 nostro
286 2193 387 2254 visum
411 2193 473 2265 cst,
500 2192 580 2263 regis
606 2192 705 2264 ipsam
729 2193 911 2264 potestatem
937 2192 1133 2265 determinat3
1155 2193 1244 2268 cujus

151 2327 330 2387 quanquam
352 2325 485 2386 persona
503 2315 549 2370 est
564 2307 665 2370 soluta
678 2311 814 2383 legibus,
831 2311 914 2383 quod
930 2312 992 2382 agit
1009 2312 1112 2370 tamen
1127 2312 1244 2397 legibus

154 2434 278 2493 finitum
299 2446 365 2492 esse
386 2433 522 2506 quotidie
541 2434 678 2505 apparet.
700 2431 777 2500 Quid
798 2432 837 2490 sit
859 2435 961 2490 autem
982 2431 1100 2502 legibus
1120 2429 1244 2490 finitum

153 2569 223 2614 esse
244 2555 328 2629 quod
349 2554 412 2627 agit
431 2568 484 2613 rex
501 2547 641 2613 baconus
660 2554 726 2627 ipse
746 2553 821 2612 alias
837 2555 997 2639 explanat,
1014 2554 1052 2612 de
1068 2553 1171 2613 officio
1186 2554 1242 2612 mi-

154 2673 245 2734 nistri
255 2672 334 2745 regis
350 2661 514 2732 scribendo
530 2673 570 2732 ad
582 2672 819 2746 ministrumtt)‚
842 2673 1006 2744 indignum
1022 2674 1146 2746 quidem
1160 2675 1213 2746 qui
1228 2689 1246 2732 a

154 2796 209 2854 tali
225 2797 255 2853 et
269 2795 323 2854 tali
337 2795 375 2853 de
391 2808 423 2853 re
438 2794 617 2854 doceretur:
636 2795 740 2865 regula
751 2794 877 2866 justitiae
894 2794 934 2852 sit
943 2794 992 2852 lex
1002 2795 1105 2868 regni,
1118 2796 1148 2852 et
1157 2795 1245 2866 quasi

154 2915 353 2988 omnipotens
366 2913 479 2974 arbiter
493 2926 588 2987 quum
608 2904 689 2972 inter
705 2917 816 2985 Regem
837 2913 1067 2988 subjectosque,
1092 2917 1157 2972 tum
1173 2914 1242 2972 sub-

146 3035 243 3121 jectis
260 3035 343 3093 inter
359 3047 401 3093 se.
421 3034 501 3092 Nihil
525 3034 674 3093 intentius
696 3033 804 3093 suadet
824 3048 918 3107 quam
939 3048 979 3093 nc
1000 3048 1061 3107 qua
1082 3035 1244 3108 tyrannica

155 3153 291 3224 potestas
303 3153 337 3210 in
351 3165 480 3222 rognum
496 3150 720 3223 introducatur,
736 3150 852 3224 populo
868 3151 952 3210 enim
969 3151 1093 3223 anglico
1105 3151 1175 3223 jura
1189 3166 1245 3210 sua

154 3271 242 3329 cordi
266 3284 346 3345 esse,
372 3275 402 3330 et
426 3272 570 3331 omnibus
595 3272 628 3329 in
651 3271 808 3331 mentibus
834 3272 981 3345 scriptam
1003 3286 1070 3331 csse
1089 3272 1243 3331 baronum

85 3365 86 3368 Ἴ
152 3401 263 3447 vocem
278 3389 384 3448 iliam:
410 3414 416 3440 ι
431 3391 577 3449 Nolumus
591 3391 672 3461 leges
689 3391 800 3462 anglie
816 3393 938 3450 mutari.
954 3415 966 3442 n
985 3392 1074 3464 ideo,
1090 3393 1243 3466 querenti-

189 3854 221 3917 (i)
232 3851 334 3917 Mallet,
348 3853 394 3907 lite
405 3853 434 3908 oi
448 3855 534 3908 Bucen
546 3870 553 3908 ;
567 3874 577 3901 «
595 3855 667 3922 They
682 3854 734 3920 (the
748 3855 939 3920 Ecclesiastics)
952 3857 981 3908 in
992 3857 1086 3909 return
1097 3855 1180 3909 iound
1197 3861 1246 3910 out

159 3963 170 3990 o
192 3943 234 3997 tor
242 3943 300 3998 him
312 3944 415 4010 (tames)
429 3945 514 3999 atitie
529 3945 687 4000 antecedent
699 3945 751 4000 and
764 3947 889 4012 superior
901 3949 928 4000 to
940 3946 1041 4000 human
1053 3946 1120 4001 laus
1132 3987 1139 4013 ‚
1152 3959 1220 4000 eren
1232 3961 1248 4000 a

158 4053 171 4080 (ι
192 4033 282 4089 divine
291 4033 365 4102 right
376 4035 405 4090 oi
413 4037 494 4104 being
503 4034 579 4093 ueak
590 4051 621 4092 or
633 4037 751 4104 ttickon
765 4038 879 4092 wttbout
893 4038 1028 4092 contront.
1044 4059 1055 4085 ι»

194 4125 228 4192 ti)
241 4127 371 4194 tingard,
385 4130 404 4182 t.
418 4142 465 4196 rx,
479 4143 503 4184 c.
521 4132 562 4184 ti.

194 4219 224 4281 (3)
238 4219 291 4271 ibe
305 4218 370 4271 bord
384 4219 509 4287 Keeper's
520 4222 619 4289 speech
629 4223 656 4275 in
668 4223 712 4276 tbe
722 4222 879 4290 iixchequer
892 4225 918 4276 to
933 4221 971 4276 sir
981 4221 1050 4275 John
1060 4223 1186 4284 burbam,
1196 4224 1250 4275 etc.

197 4310 228 4372 tit
251 4307 448 4378 Burbtnqbam.

1086 4407 1101 4461 5
