2782 4868
597 351 785 412 -loo-

148 517 208 576 qua
222 503 300 561 nihil
315 501 469 562 efficacius
486 514 551 560 esse
570 503 647 561 solet
662 503 700 561 ad
716 500 961 560 benevolentiam
978 500 1119 572 judicum
1138 503 1246 560 conci-

146 623 291 683 liandam.
303 626 369 682 Non
379 623 432 683 illa
447 636 518 682 vcro
529 622 653 696 propria
668 623 740 680 sunt
752 619 861 693 nostri,
873 633 938 678 non
953 619 1056 678 inillis
1070 621 1246 682 maximam

148 756 273 815 operam
288 744 353 816 ipse
367 743 540 816 impendit,
557 742 666 800 ceteris
681 743 716 799 ut
728 739 943 814 impenderent
952 740 1151 813 praescripsit.

594 1036 789 1050 vn*—

182 1298 248 1354 Non
267 1296 337 1354 ante
353 1296 586 1368 componendus
602 1268 647 1355 est
663 1295 699 1352 de
713 1293 838 1351 inidiotis
848 1292 924 1351 liber
936 1307 1028 1367 quam
1044 1295 1242 1362 animadver-

148 1417 228 1473 tatur
241 1417 316 1488 quot
334 1415 448 1474 similia
462 1415 543 1474 inter
557 1429 589 1474 sc
603 1415 736 1473 habeant
749 1414 800 1486 jus
816 1424 980 1471 romanum
994 1413 1107 1486 jusque
1124 1415 1240 1475 Britan-

146 1531 262 1590 nicum.
282 1531 420 1602 scilicet,
437 1532 481 1590 uti
502 1535 604 1591 Romu
626 1529 755 1590 diversis
777 1544 813 1588 ex
828 1527 999 1599 originibus
1019 1530 1159 1590 manavit
1172 1531 1240 1606 jus,

146 1650 298 1724 proecipuc
313 1651 497 1726 exlegibus,
513 1666 547 1710 er
565 1650 741 1710 honorariis
757 1647 881 1722 edictis,
898 1663 934 1706 ex
949 1650 1188 1726 consuetudine,
1199 1652 1242 1710 ita

145 1770 204 1828 luit
218 1771 250 1829 in
267 1772 483 1846 Britanniujus
499 1784 663 1831 commune
677 1771 731 1829 ant
744 1767 942 1842 municipale,
956 1768 1100 1840 exlongo
1116 1783 1177 1827 usu
1193 1784 1239 1829 or-

146 1893 228 1964 tum,
248 1892 361 1949 statuta
375 1905 496 1963 regum,
512 1889 688 1950 cancellarii
709 1889 818 1948 edicta.
840 1888 956 1962 Ubique
970 1888 1033 1947 fere
1048 1891 1240 1950 consuetudo

146 2011 243 2068 tacita
264 2011 339 2082 legis
360 2012 423 2070 vim
442 2010 551 2084 habet3
577 2024 644 2069 eam
668 2009 759 2082 igitur
782 2010 814 2067 ln
835 2013 964 2083 utraque
984 2012 1074 2081 gente
1091 2026 1149 2084 pro
1174 2012 1240 2083 lege

145 2132 240 2192 fuisse
254 2133 299 2191 nil
313 2133 438 2192 mirum.
452 2137 517 2192 Non
527 2133 641 2206 ubique
656 2132 748 2191 euriae
761 2132 922 2205 aequitatis,
932 2134 968 2190 ut
980 2132 1239 2193 Bacenianavoce

145 2224 224 2327 utar,
248 2254 394 2312 instituta
416 2258 508 2328 sunt,
533 2268 597 2314 non
620 2255 732 2328 ubique
752 2255 814 2312 illis
830 2254 909 2327 juris
929 2253 1085 2313 condendi
1104 2255 1239 2326 potestas

146 2373 307 2445 permissa.
319 2374 506 2446 iampridem
518 2377 656 2433 baconus
668 2374 732 2446 ipse
743 2373 902 2445 utriusque
914 2371 993 2444 juris
1004 2370 1240 2429 similitudinem

142 2492 289 2565 jactavit,
311 2495 341 2550 et
364 2492 457 2551 hodia
482 2507 603 2566 quoque
625 2493 790 2565 prudentes
814 2504 881 2549 eam
905 2493 1022 2548 exstare
1042 2491 1237 2551 animadver-

145 2614 214 2669 tunt
229 2611 283 2685 (l).
300 2612 392 2684 cujus
407 2626 531 2672 cansam
547 2627 681 2685 quarere
697 2628 797 2686 operm
812 2613 945 2686 pretium
964 2616 1010 2671 est
1026 2633 1033 2669 z
1056 2613 1171 2685 duplex
1187 2615 1238 2672 illa

145 2739 212 2784 csse
226 2725 303 2786 mihi
325 2727 452 2786 videtur.
469 2731 535 2786 Una
549 2729 631 2801 quod
653 2730 806 2802 principio
828 2732 992 2802 utrumque
1005 2730 1056 2802 jus
1071 2730 1168 2788 nimis
1184 2731 1236 2788 du·

144 2858 224 2919 rum,
237 2845 331 2904 nimis
342 2859 482 2906 severum
497 2847 589 2905 fuerit
601 2867 607 2904 :
619 2848 693 2906 hinc
704 2847 875 2919 profectum
886 2848 1012 2921 essejus
1022 2848 1237 2921 honorarium,

144 2964 227 3036 quod
243 2965 294 3038 jus
313 2964 401 3024 civile
427 2966 552 3024 nonnisi
576 2971 731 3026 Romanos
754 2968 835 3027 cives
858 2969 1005 3043 tueretur,
1027 2969 1158 3027 Romani
1180 2971 1238 3042 ipsi

144 3084 310 3157 prudentes
326 3085 474 3142 testantur
485 3104 491 3141 :
504 3098 575 3142 mon
590 3086 672 3143 enim
689 3089 800 3157 praetor
814 3087 993 3159 peregrinus
1005 3090 1034 3145 et
1049 3102 1149 3147 novas
1158 3089 1239 3160 leges

147 3209 175 3263 et
190 3219 287 3264 novas
307 3206 443 3265 actiones
465 3206 597 3265 condere
613 3210 731 3280 coeptus
752 3212 795 3265 est
817 3208 928 3280 quibus
943 3209 972 3266 et
990 3209 1144 3281 peregrini
1160 3211 1239 3267 inter

147 3337 179 3380 se
191 3325 221 3380 et
230 3326 360 3383 Romani
370 3338 440 3383 cum
451 3324 620 3398 peregrinis
630 3324 784 3397 litigantes
799 3329 975 3385 uterentur:
988 3340 1056 3400 queo
1066 3341 1163 3400 quum
1175 3343 1237 3388 ma-

146 3441 192 3510 gis
207 3442 346 3517 paterent
357 3456 449 3515 quam
462 3444 513 3516 jus
527 3445 614 3504 civile
625 3445 823 3520 mitiorcsque
835 3451 947 3523 essent,
958 3450 987 3506 et
996 3451 1143 3518 Romanis
1160 3452 1240 3510 inter

148 3574 180 3617 se
195 3574 251 3633 pro
270 3560 388 3632 legibus
403 3562 537 3623 fuerunt.
554 3567 620 3651 Non
642 3567 728 3624 aliter
749 3568 782 3624 in
804 3569 961 3627 Britannia
977 3570 1028 3642 jus
1043 3570 1112 3628 ideo
1129 3573 1238 3630 condi-

148 3681 212 3738 tum
234 3683 279 3739 est
298 3684 333 3738 ut
348 3680 479 3740 victores
501 3695 519 3740 a
539 3684 628 3742 viciis
648 3685 776 3744 minime
798 3686 903 3746 timere
924 3690 1067 3761 possent,
1089 3691 1175 3750 unde
1195 3693 1237 3750 tot

148 3797 230 3855 durae
244 3796 346 3871 leges,
372 3812 439 3871 ques
461 3799 585 3858 mutatis
607 3802 808 3876 temporibus,
830 3817 893 3862 non
913 3806 987 3877 ipsae
1002 3793 1125 3865 mutatae
1146 3811 1235 3878 sunt;

147 3929 242 3988 quum
258 3929 329 3976 vero
346 3917 517 3989 equitatem
531 3919 678 3978 laederent
694 3935 750 3980 nec
766 3923 831 3995 jam
847 3924 915 3982 illas
931 3906 1087 3986 excusaret
1106 3926 1235 3999 utilitas,

145 4036 177 4094 in
194 4037 298 4096 mitius
315 4053 332 4097 a
348 4040 528 4099 cancellario
544 4043 624 4099 ticeli
640 4047 745 4114 coeptae
762 4048 843 4104 sunt.

180 4381 210 4445 ll)
223 4381 257 4434 ll.
273 4379 596 4449 Laboulaye,btoiess1u·
608 4383 634 4438 to
647 4385 783 4454 Propritte'
794 4384 964 4444 litteratum
975 4386 1135 4456 Aeglelerre,
1148 4401 1175 4454 p.
1186 4390 1227 4441 dl.
