2782 4868
618 320 786 381 ..qq-

156 473 336 536 bitalionem
348 474 494 547 ponenda
508 486 574 533 esse
590 478 730 534 accurate
741 474 829 534 notat
844 474 869 546 (l
876 472 898 547 t,
910 477 940 532 et
950 473 1033 534 Plato
1044 475 1148 549 legem
1157 477 1254 539 istam

155 593 384 654 Atheniensium
399 594 506 654 iaudat
520 608 582 669 qua
595 595 778 655 vetabantur
787 596 916 669 juvenes
933 595 1032 668 legem
1048 609 1194 674 carpere,
1209 614 1252 659 ne

157 716 263 776 audire
278 717 403 791 quidem
416 719 559 791 poterant
576 732 686 778 senum
702 718 740 777 de
754 731 791 778 ea
809 722 984 792 sermones,
998 717 1060 776 nist
1069 718 1104 777 lu
1118 719 1249 780 laudem

153 835 218 910 eius
235 837 422 911 compositos
440 835 504 910 (t),
521 838 692 911 pessimum
706 850 774 897 esse
788 835 919 898 civitatis
933 836 1077 896 morbum
1092 836 1245 913 declarat,

152 958 179 1016 si
196 957 257 1017 alia
271 957 428 1033 instituta,
444 958 511 1016 alia
523 958 605 1029 leges
621 958 785 1030 cupiantur
800 954 855 1031 (3),
871 956 1057 1030 quicumque
1070 957 1179 1017 autem
1192 971 1246 1032 pe·

151 1077 298 1148 regrinati
313 1077 428 1137 tuerint
440 1077 527 1150 jubet
539 1079 573 1136 ut
587 1077 714 1136 reduces
727 1077 920 1149 juventutem
935 1075 1067 1135 doceant
1078 1075 1179 1135 multo
1194 1075 1242 1135 in·

151 1191 278 1252 seriores
293 1206 359 1252 esse
374 1193 493 1266 iegibus
508 1208 570 1252 sum
581 1194 687 1266 patria
697 1193 779 1265 leges
792 1191 904 1265 quibus
919 1192 1046 1251 utantur
1059 1193 1170 1252 cetera
1184 1207 1242 1253 na·

150 1311 251 1370 tiones
271 1309 328 1386 (t),
351 1315 381 1370 et
395 1313 570 1372 Aristoteles
589 1313 773 1372 mutandum
787 1312 956 1386 quidquam
970 1314 1075 1387 ιιθςθι,
1090 1313 1153 1372 nisi
1168 1314 1247 1374 inde

148 1430 268 1489 bonum
281 1430 406 1504 aliquod
422 1443 571 1502 magnum
592 1432 832 1490 consecuturum
850 1443 916 1489 esse
935 1429 1084 1490 videatur.
1097 1431 1243 1491 Attamen

149 1550 228 1610 nulii
244 1552 324 1612 inter
338 1565 391 1611 eos
406 1551 482 1610 satis
497 1553 544 1610 est
554 1555 669 1624 jnrore
682 1553 717 1606 te
729 1545 820 1608 verto
834 1553 986 1623 osopum.
1004 1553 1063 1610 lios
1082 1565 1157 1612 vero
1176 1566 1246 1612 non

145 1671 254 1731 fefellit
269 1673 412 1732 utilitatis
433 1685 526 1731 causa
546 1670 705 1746 pubiicum
725 1672 941 1745 privatumque
965 1671 1017 1744 ius
1040 1673 1248 1733 constitutum

146 1802 227 1864 esse,
243 1790 300 1848 etsi
314 1804 380 1849 non
395 1789 556 1849 confessus
573 1789 614 1847 sit
628 1789 724 1847 Plato.
741 1790 889 1848 preterea
904 1801 941 1848 ea
956 1790 1003 1849 est
1015 1789 1063 1850 vis
1077 1791 1199 1850 naturas
1212 1794 1248 1851 ut

146 1924 212 1971 non
233 1912 341 1971 omnia
358 1911 441 1984 apud
462 1909 605 1970 eumdem
625 1909 785 1969 hominem
806 1911 840 1968 in
861 1910 1088 1970 dubitationem
1107 1909 1246 1986 adduci,

146 2029 255 2089 omnia
273 2028 340 2089 tolli
360 2028 503 2102 patiatur.
525 2029 558 2087 Ei
581 2028 665 2087 enim
685 2042 764 2101 opus
778 2041 845 2087 esse
860 2028 966 2101 requie
983 2029 1014 2087 et
1026 2029 1119 2101 portu
1131 2027 1245 2089 uoluit.

144 2149 211 2207 lton
231 2147 362 2221 publicis
383 2148 458 2208 viris
478 2161 547 2207 mos
566 2150 613 2207 est
629 2148 854 2221 philosophicis
875 2148 987 2208 studiis
1010 2147 1192 2207 incumbere
1214 2151 1247 2208 et

144 2271 233 2345 quasi
254 2285 352 2332 novas
376 2284 425 2330 res
448 2271 587 2331 humana
606 2270 640 2329 in
659 2271 762 2329 mente
781 2269 898 2342 facere3
920 2268 1126 2343 philosophos
1146 2281 1244 2344 vero,

145 2405 241 2465 quum
261 2395 380 2453 tantam
397 2394 432 2453 in
453 2408 486 2453 se
505 2394 582 2467 ipsis
600 2392 866 2467 perturbationem
890 2404 958 2450 esse
980 2391 1154 2464 patiamur,
1176 2391 1244 2450 imo

145 2511 284 2587 cupiant,
301 2513 339 2572 ab
356 2514 481 2572 externa
495 2514 582 2573 omni
596 2526 670 2573 cura
682 2513 796 2572 liberos
811 2525 878 2571 esse
894 2513 1024 2585 oportet.

181 2635 227 2691 lv.
247 2644 398 2702 ououono
417 2646 458 2694 sa
477 2645 570 2693 urina
589 2645 636 2694 sir
654 2646 761 2695 nncuu
780 2645 875 2693 ranei
893 2645 1043 2694 annerum
1066 2644 1185 2694 rossia.
1207 2666 1242 2678 -

147 2751 228 2811 Nihil
247 2755 294 2811 est
315 2753 354 2811 de
373 2749 435 2826 quo
455 2751 613 2812 difficilius
627 2757 779 2828 precepta
796 2754 897 2828 ieras,
916 2767 1010 2828 (ιιιθιιι
1031 2753 1069 2813 de
1089 2751 1241 2828 utilitate,

151 2888 249 2948 quum
265 2888 329 2934 non
344 2874 480 2949 ratione,
495 2874 550 2934 sed
569 2887 629 2934 usu
645 2888 682 2934 ea
696 2874 853 2948 probetur.
871 2873 957 2935 civili
971 2875 1004 2932 in
1018 2874 1163 2949 scientia,
1175 2887 1243 2934 non

152 3004 242 3050 secus
259 2995 350 3066 atque
366 2991 400 3050 in
414 2992 556 3067 physica,
573 2993 602 3050 et
618 2990 834 3065 experimentis
849 2991 879 3048 et
892 2988 1071 3049 inductione
1085 3003 1164 3062 opus
1179 2991 1240 3063 est,

146 3109 230 3168 unde
250 3110 407 3170 evidenter
433 3110 486 3170 iila
513 3112 667 3186 appareat.
691 3109 780 3170 Nulla
798 3111 899 3168 eutem
921 3123 940 3168 a
963 3122 996 3168 se
1015 3107 1142 3168 inventa
1161 3119 1238 3180 prse-

151 3232 239 3302 cepta
255 3230 371 3302 profert
384 3234 537 3304 baconus3
554 3232 606 3304 qui
621 3231 754 3290 inveniri
768 3224 883 3302 queant
896 3228 994 3289 docet.

182 3349 249 3406 iton
264 3347 466 3406 enimstertlts
480 3351 526 3409 est
539 3351 675 3410 historiae
689 3363 757 3423 qua
773 3350 884 3409 dieitur
896 3348 1104 3424 philosophia,
1120 3362 1185 3408 non
1202 3361 1238 3407 ea

147 3480 232 3542 quae,
252 3488 263 3519 ι
281 3474 429 3543 tanquam
449 3473 536 3544 ctrpo
556 3476 616 3528 Deo
636 3477 821 3544 consecrato,
846 3457 925 3530 ninii
945 3470 1113 3544 pentalli).
1132 3491 1144 3522 o
1172 3472 1239 3527 imo

147 3589 195 3648 vel
215 3589 367 3649 maximus
386 3590 504 3649 fruetis
523 3591 596 3651 inde
619 3590 835 3666 percipiendus
856 3593 911 3653 est.
934 3596 1003 3653 lure
1019 3592 1096 3652 dixit
1110 3593 1237 3652 Bossue·

180 3934 210 3997 (lt
229 3933 355 3987 biscours
369 3946 416 3987 sur
427 3933 454 3987 la
464 3934 595 3989 liethode.

180 4025 210 4088 tl)
231 4025 267 4078 lle
279 4024 410 4091 Legibus,
424 4024 474 4079 lib.
487 4039 506 4078 ι.
540 4023 542 4026 ⁴

179 4116 210 4178 (tt
229 4114 391 4169 ib.lib.v11.
485 4155 488 4160 ·

179 4207 210 4270 (tl
230 4205 298 4259 ibid.
317 4219 368 4260 ιιιι.

176 4295 497 4364 ltlbeluq.sc.v,1u,
516 4300 542 4352 i.
