2782 4868
592 339 782 402 -its-

155 513 167 544 ι
189 490 317 566 1616661,
332 490 391 561 legi
411 486 562 563 regulam,
577 490 739 551 hominum
754 492 961 552 contractibus
977 507 1130 555 normam.
1146 518 1160 546 »
1179 499 1239 557 1616

152 611 244 670 motio
268 607 342 683 quid
366 608 483 679 agatur,
502 609 601 680 {quam
623 607 752 679 dignum
776 608 946 668 attentione
967 609 1110 682 judicum
1132 617 1238 673 monet

151 729 304 798 Baconns,
318 723 392 782 inde
406 736 471 781 rem
490 722 601 781 dividit
617 741 624 779 ι
643 721 821 782 «nubilatio
833 723 958 796 quidem
973 726 1112 785 nascitur
1125 730 1156 786 et
1175 742 1237 788 ma·

153 868 164 896 ι
186 847 239 905 661
261 843 437 903 6166661166
460 842 551 900 relius
570 842 804 900 considerandis
830 861 837 899 ε
863 844 949 915 prius
977 845 1237 906 considerantium

152 986 163 1015 e
185 964 273 1037 cujus
288 961 475 1022 6116666166
491 962 716 1021 exstructiones
726 963 816 1036 apta,
831 976 923 1036 quem
938 964 1101 1023 dominum
1115 966 1236 1041 habeat,

150 1084 336 1157 «posterius
358 1083 514 1155 quomodo
542 1086 737 1142 construatur
760 1083 895 1156 quidque
923 1084 1020 1143 velint
1047 1085 1108 1143 1616
1129 1087 1235 1162 verba,

152 1226 165 1254 ι
184 1203 292 1276 absque
305 1205 487 1275 impetitione
496 1205 586 1273 66111·
604 1203 809 1262 6661166666
824 1203 900 1262 istas
914 1207 1016 1276 666166
1029 1205 1134 1264 666161
1149 1206 1235 1280 quid-

151 1346 163 1374 u
184 1323 258 1396 quii
269 1321 421 1395 pertinere
435 1321 591 1392 potestati
605 1335 682 1379 rem.
705 1343 719 1366 ι»

182 1439 269 1497 Prior
291 1451 363 1511 pars
387 1436 427 1495 ati
451 1436 624 1496 dominium
648 1439 783 1510 spectat3
809 1437 922 1496 veritus
944 1439 1045 1496 autem
1069 1441 1177 1500 noster
1200 1456 1237 1501 ne

148 1554 503 1618 obscuraessevitleatur
513 1555 723 1627 interpretatio
735 1568 827 1627 quam
843 1556 876 1613 in
891 1555 993 1615 medio
1009 1557 1168 1629 positurus
1184 1560 1236 1634 sit,

148 1680 266 1737 mentes
281 1676 422 1750 junicum
436 1688 649 1747 preoccupare
664 1676 807 1748 conatur,
825 1675 945 1748 objecta
958 1676 1083 1750 publica
1096 1679 1237 1738 utilitate.

148 1800 217 1866 Quae
233 1797 273 1854 sit
287 1794 432 1854 arborum
447 1796 557 1852 natura
570 1793 698 1865 quaerit:
715 1792 855 1852 arborem
870 1797 972 1853 autem
987 1810 1159 1870 aurumque
1174 1799 1238 1870 agri

148 1918 266 1988 partem
282 1927 362 1986 esse,
376 1913 429 1971 6111
444 1913 483 1971 ali
499 1926 535 1970 eo
552 1913 698 1970 distracta
717 1915 806 1987 sunt,
823 1916 929 1989 negat,
945 1928 1008 1974 non
1024 1916 1097 1988 qma
1109 1916 1237 1977 61661116

149 2033 244 2108 liunt,
259 2031 313 2089 seri
329 2031 401 2103 quia
415 2029 468 2088 uhi
484 2032 557 2086 sunt
572 2029 732 2104 distracta,
748 2032 896 2101 perpetua
910 2045 976 2090 6666
991 2032 1154 2109 desinunt,
1173 2049 1237 2095 non

145 2150 211 2224 jam
224 2149 316 2222 igitur
335 2148 399 2219 agri
414 2160 485 2220 pars
498 2159 623 2204 manere
636 2148 752 2218 queunt
769 2165 776 2202 :
796 2167 808 2194 1
825 2147 879 2204 1116
899 2148 1001 2205 661616
1021 2161 1087 2206 666
1107 2164 1236 2222 possum

152 2292 164 2320 1
185 2283 250 2329 666
275 2268 383 2327 1616661
407 2282 500 2341 quam
525 2267 678 2340 sapientes
703 2267 766 2325 sint
783 2268 865 2339 leges
889 2268 1004 2340 anglie
1024 2273 1236 2345 quantumque

149 2411 160 2440 l
182 2402 253 2448 cum
267 2388 465 2460 6111166661116
486 2389 515 2445 61
529 2387 597 2459 1666
618 2387 729 2444 661666
743 2389 932 2459 congruant3
961 2388 1067 2458 regula
1088 2390 1237 2473 66166161

150 2530 161 2558 6
182 2508 400 2580 61111666611166
420 2507 453 2563 16
473 2507 597 2577 regione
619 2507 796 2565 elementari
815 2507 1234 2584 61611666661666661,6161

149 2651 162 2676 ι
183 2642 238 2702 666
257 2627 510 2700 propagationem
532 2627 643 2698 speciei
663 2630 716 2686 aut
735 2642 788 2699 per
808 2629 1034 2688 successionem
1054 2631 1232 2703 partium.»

146 2747 223 2818 Quid
237 2748 329 2819 igitur
350 2748 424 2806 dum
443 2748 535 2807 arhor
555 2748 619 2819 agri
638 2762 709 2821 pars
731 2753 796 2808 est?
814 2751 870 2820 Qui
884 2751 1020 2823 66666616
1034 2752 1191 2826 possidet,
1207 2754 1235 2812 ei

144 2868 195 2940 jus
210 2870 256 2926 661
269 2871 301 2924 in
314 2869 480 2942 superficie,
498 2870 668 2927 1161166116
677 2869 830 2944 profundo
835 2888 845 2942 ;
862 2873 981 2930 16616611
994 2871 1087 2931 habet
1102 2877 1235 2930 tunicam

147 2993 252 3058 terre,
279 2988 371 3060 66616
396 2989 494 3059 magis
518 3003 612 3061 quam
632 2989 697 3061 eius
717 2994 842 3048 vestem.
864 2993 950 3061 Legis
975 2991 1059 3049 enim
1083 2992 1235 3064 sapientia

145 3107 225 3165 inter
246 3120 279 3164 66
300 3106 412 3165 similia
431 3105 578 3179 conjungi
598 3107 682 3182 vult,
704 3107 757 3179 qui
773 3106 806 3164 in
820 3109 1002 3180 perpetuum
1016 3108 1109 3167 habet
1122 3110 1152 3168 ei
1166 3123 1232 3182 per·

145 3229 271 3313 6616616
288 3228 339 3300 jus
360 3242 443 3302 esse,
465 3228 518 3300 qui
538 3228 571 3285 in
595 3231 715 3300 tempus
728 3228 837 3300 habet,
855 3229 882 3286 ei
897 3229 930 3286 in
946 3233 1065 3303 tempus
1082 3228 1134 3302 jus
1156 3244 1232 3288 esse.

145 3346 220 3404 Inde
244 3347 283 3405 ad
306 3347 517 3406 auctoritatem
541 3347 692 3405 librorum
716 3348 799 3405 venit
821 3351 978 3420 Baconus,
1003 3347 1057 3407 6111
1083 3349 1142 3407 1616
1168 3363 1233 3407 6666

145 3465 326 3534 argumenta
346 3463 476 3521 dominii
497 3463 623 3522 docetur
639 3483 646 3520 ε
665 3465 714 3523 661
734 3465 1002 3540 satisfacientium,
1019 3466 1147 3526 domino
1162 3468 1235 3526 laeso

147 3615 178 3624 -
200 3583 249 3642 cui
269 3584 361 3656 61666
380 3586 514 3656 66166166
539 3585 693 3655 competat
713 3615 744 3623 —
767 3583 836 3655 quis
860 3583 938 3641 illud
962 3584 1103 3642 conferre
1124 3585 1232 3658 possit.

145 3700 257 3785 Omitto
277 3700 400 3772 quidem
421 3714 487 3772 16666
514 3701 552 3759 tle
572 3701 639 3758 istis
664 3700 853 3771 argumentis
873 3701 965 3760 verba
983 3702 1056 3760 fecit
1075 3705 1234 3773 Baconus;

145 3834 209 3878 non
225 3820 308 3879 enim
324 3821 459 3894 1161666,
476 3821 530 3879 sed
544 3822 582 3879 dc
598 3823 737 3880 oratione
755 3824 867 3880 Baconi
886 3823 998 3881 scribo.

181 3937 351 3996 Posteriore
369 3940 453 4010 parte
473 3939 548 4012 quid
560 3940 659 3999 661661
680 3938 817 3997 61666616
836 3940 944 4013 ubsque
958 3943 1141 4012 impetitione
1154 3943 1234 3998 66611

146 4054 234 4113 (16661
243 4058 392 4114 11666666.
405 4059 480 4114 Ante
491 4057 598 4115 661616
606 4069 661 4129 666
673 4059 755 4114 certo
770 4055 859 4137 66611
870 4056 941 4127 jura
954 4069 1021 4127 quae
1037 4056 1077 4114 ad
1092 4069 1151 4129 res,
1168 4069 1232 4115 non

145 4175 185 4236 ad
205 4188 352 4247 personas
373 4177 502 4235 attinent
523 4190 541 4235 a
560 4177 639 4248 lege,
659 4190 723 4234 non
739 4175 776 4234 ab
791 4174 970 4234 hominibus
987 4175 1128 4234 describi.
1144 4175 1231 4244 Quod

144 4295 170 4351 si
190 4296 258 4368 quis
282 4297 450 4355 clausulam
467 4312 484 4354 6
501 4297 567 4367 lege
588 4297 739 4357 diversam
761 4294 887 4367 scribat,
906 4292 1017 4367 jusque
1037 4294 1163 4367 aliquod
1180 4295 1233 4352 aui
