2782 4868
490 291 495 309 ⁵
587 337 774 400 -roon

145 521 157 549 ι
176 499 304 568 horum,
320 494 537 568 adjuvantibus
555 494 581 551 si
601 495 653 566 qui
671 494 709 552 iis
724 493 793 552 usui
808 505 875 550 esse
890 497 1022 566 queunt,
1037 495 1187 556 accurate
1203 496 1235 552 in

145 639 156 669 a
178 629 276 676 unum
289 629 402 688 corpus
417 614 515 685 redigi
529 627 595 674 osse
612 613 723 672 debent
738 613 844 674 omnia
858 612 998 671 dominia
1012 612 1045 672 in
1061 613 1166 686 capite
1181 614 1234 687 (ll,

145 759 155 787 a
175 737 282 796 eadam
301 736 469 807 digerenda
490 749 525 794 ex
547 735 657 793 ordine
676 734 847 793 litterarum
862 733 895 790 in
911 734 984 804 apta
997 734 1180 807 volumina,
1196 736 1234 793 ad

145 878 156 908 «
177 871 332 930 quamque
345 858 463 929 partem
479 858 531 915 aut
547 869 698 929 quemque
707 855 887 915 comitatum
898 854 995 925 regni.
1008 855 1038 915 si
1048 856 1120 927 quis
1130 855 1233 913 autem

146 996 157 1023 «ι
178 975 321 1034 minister
334 975 457 1047 aliquod
474 974 649 1033 dominium
671 974 703 1031 in
725 974 824 1045 capite
845 972 992 1045 reperiat,
1008 972 1161 1044 exprimet
1184 985 1233 1031 ve·

144 1109 245 1154 «ram
270 1096 515 1167 magnitudinem
542 1098 709 1166 terrarum,
733 1095 768 1152 ut
781 1093 950 1166 'quondam
976 1076 1235 1164 permansuram

146 1216 297 1275 «solebat
320 1216 401 1291 sseri,
425 1219 589 1290 postquam
612 1217 680 1276 visu
700 1216 807 1275 omnia
827 1213 1050 1286 comprehensa
1071 1214 1176 1286 erant,
1202 1215 1234 1271 ut

147 1355 158 1384 r
180 1347 288 1393 omnes
307 1335 409 1405 partes
428 1333 639 1393 dominiorum
658 1334 691 1390 in
714 1332 812 1405 eapite
832 1332 865 1389 in
885 1331 986 1390 lucem
1004 1331 1134 1389 edenda
1157 1332 1234 1403 sint,

148 1472 159 1499 n
181 1452 419 1523 qualescumque
440 1454 576 1522 tempore
598 1451 685 1510 facte
705 1454 794 1522 sunt,
811 1453 841 1509 et
854 1462 1034 1522 quanquam
1047 1451 1175 1509 mutatae
1190 1451 1236 1508 vel

149 1590 160 1618 n
181 1571 305 1629 vastate
322 1572 403 1628 sunt.
419 1573 507 1629 »Non
523 1569 573 1629 irio
585 1571 636 1643 jus
651 1570 760 1641 agitur,
773 1568 837 1643 sed,
854 1581 921 1637 quae
937 1569 1057 1626 tantum
1067 1567 1235 1628 hahetmo·

147 1689 241 1748 menti
253 1689 286 1748 in
307 1703 408 1748 rerum
421 1690 614 1762 publicarum
626 1688 911 1759 administratione,
931 1687 1061 1745 scientia
1076 1687 1238 1757 regionum

147 1809 433 1885 describendarum,
451 1812 495 1870 tot
511 1810 658 1869 doctrina
677 1808 775 1869 civilis
789 1809 892 1881 partes
906 1807 1005 1878 attigit
1019 1808 1127 1867 noster
1142 1806 1200 1880 (ait

183 1931 270 2000 Quod
286 1931 311 1988 si
327 1943 430 1988 rerum
445 1929 673 1988 administratio
688 1942 705 1986 a
719 1929 787 2000 jure
798 1927 892 1987 nimis
904 1926 1068 1985 abhorrere
1077 1939 1144 1983 non
1155 1925 1236 1984 vide-

148 2050 207 2121 tur,
231 2049 302 2106 licet
323 2063 445 2122 quoque
468 2050 571 2122 scripti
592 2050 730 2122 ejusdem
756 2050 925 2108 clausulam
948 2048 1083 2106 reterre:
1105 2048 1238 2107 «Talem

152 2190 165 2217 κ
184 2168 312 2226 modum
328 2167 483 2226 utiliorem
500 2180 567 2227 esse
583 2171 648 2228 sua
663 2167 823 2239 liojestati,
836 2166 921 2238 quod
936 2164 1174 2225 omniatrihuta
1188 2179 1240 2237 per

152 2308 165 2342 a
187 2286 292 2346 fideles
306 2287 389 2345 viros
404 2286 573 2357 exigantur,
586 2287 697 2358 quibus
713 2287 781 2358 ipsa
796 2285 985 2358 stipendium
1001 2298 1093 2345 suum
1109 2287 1239 2358 tribuat,

152 2425 162 2452 «ι
185 2417 277 2476 qnam
302 2402 385 2476 quod
415 2405 468 2460 aut
491 2403 592 2462 locata
617 2402 679 2460 sint
705 2405 734 2463 et
759 2402 964 2463 conductores
989 2403 1064 2462 inde
1089 2370 1240 2463 maximos

152 2545 163 2572 a
184 2523 301 2580 fructus
316 2522 505 2596 percipiant,
517 2523 570 2580 aut
579 2522 677 2581 aridis
688 2521 839 2587 ministris
850 2521 1001 2580 vastanda
1010 2521 1237 2595 relinquantur,

152 2665 163 2693 a
184 2643 296 2716 quilius
311 2658 375 2702 non
392 2644 431 2701 sit
446 2655 502 2702 sua
516 2656 648 2715 merces,
664 2645 844 2714 argumento
861 2644 901 2702 sit
915 2657 990 2707 usus
1005 2646 1035 2702 et
1047 2644 1121 2706 felix
1135 2645 1170 2703 in
1184 2645 1239 2705 trac

151 2785 162 2814 n
184 2765 339 2824 redituum
350 2765 435 2836 parte
447 2776 605 2822 successus
618 2783 625 2820 :
646 2765 698 2835 qui
714 2765 813 2823 cetera
826 2778 895 2822 non,
908 2763 1161 2834 aliterexigenda
1174 2777 1238 2837 per-

153 2907 164 2935 «
186 2885 330 2957 suadeat!
358 2907 371 2936 r
397 2887 505 2943 Nonne
528 2884 649 2943 videtur
671 2884 751 2942 nihil
770 2885 841 2956 post
861 2887 1017 2943 Baconum
1037 2885 1241 2954 excogitatum

151 3002 1241 3077 mmmfflmmmfflwmfflfflmmmmmm

151 3129 222 3184 ante
237 3139 344 3184 omnes
360 3126 529 3184 invenerit?
544 3127 651 3183 Nonne
666 3124 787 3183 videtur
801 3124 828 3182 ei
850 3124 1065 3182 tantummodo
1087 3124 1240 3182 tantarum

152 3259 254 3305 rerum
285 3245 323 3304 ad
353 3259 446 3305 usum
472 3245 756 3305 transferendorum
786 3245 921 3303 defuisse
952 3247 1005 3302 aut
1027 3245 1164 3315 potestas
1193 3246 1242 3302 aut

153 3366 295 3436 tempusi

188 3487 215 3541 2.
232 3484 362 3539 Aelnilio
383 3485 457 3555 lepis
470 3485 512 3540 cd
528 3485 652 3539 tuendos
669 3500 826 3558 personas,
843 3486 917 3543 dona
932 3492 961 3542 et
974 3483 1102 3556 samam.
1124 3517 1154 3524 —
1173 3483 1239 3540 Ula

187 3852 217 3913 (tl
240 3849 352 3902 Tenaces
371 3849 402 3901 r'n
417 3848 497 3915 odiet.

187 3945 216 4006 tl)
237 3943 272 3995 df.
295 3944 312 3994 i
329 3942 412 3995 irame
432 3940 459 3994 oi
474 3941 636 3995 declaration
657 3943 698 3995 lor
712 3942 757 3995 tlre
770 3945 871 3995 master
887 3941 969 3994 ottho
984 3940 1072 3996 wards
1086 3956 1091 3991 :
1109 3958 1119 3985 «
1136 3941 1185 3994 lor
1198 3939 1240 3992 tlro

156 4056 165 4080 r
187 4035 298 4089 snitors.
310 4075 331 4087 ..
356 4035 394 4100 (in
413 4034 467 4087 this
484 4036 582 4098 court),
601 4035 644 4087 his
665 4035 800 4101 llajesty's
816 4035 938 4101 prinooly
953 4047 1014 4086 care
1026 4032 1087 4084 falls
1100 4045 1175 4098 upon
1190 4033 1241 4084 tn'o

155 4144 165 4170 n
185 4126 275 4191 points
287 4126 315 4179 ol
330 4127 517 4192 reformation,
532 4128 661 4192 dictust,
677 4127 734 4180 that
748 4128 823 4180 thoro
838 4127 872 4180 be
888 4139 921 4178 an
934 4123 1115 4178 examination
1128 4121 1157 4176 oi
1168 4122 1240 4185 iees,

157 4235 167 4262 ιι
188 4215 258 4270 what
275 4230 319 4270 are
335 4217 388 4272 dno
405 4220 457 4272 and
472 4220 593 4282 ancient,
610 4220 662 4273 and
674 4219 745 4274 what
759 4233 805 4273 are
817 4231 876 4274 new
890 4217 942 4272 and
955 4215 1079 4281 eraclea,
1097 4214 1150 4268 and
1166 4214 1242 4267 those

156 4327 168 4353 ι
189 4307 217 4360 ο[
226 4308 304 4362 latter
317 4310 382 4363 kind
394 4314 440 4377 put
453 4311 540 4364 down.
555 4333 564 4357 r
