<?xml version="1.0" encoding="UTF-8"?>
<!DOCTYPE html PUBLIC "-//W3C//DTD XHTML 1.0 Transitional//EN"
    "http://www.w3.org/TR/xhtml1/DTD/xhtml1-transitional.dtd">
<html xmlns="http://www.w3.org/1999/xhtml" xml:lang="en" lang="en">
 <head>
  <title>
</title>
<meta http-equiv="Content-Type" content="text/html;charset=utf-8" />
  <meta name='ocr-system' content='tesseract 3.04.00' />
  <meta name='ocr-capabilities' content='ocr_page ocr_carea ocr_par ocr_line ocrx_word'/>
</head>
<body>
  <div class='ocr_page' id='page_1' title='image "./dejureapudfranc00desjgoog_0121.png"; bbox 0 0 2782 4868; ppageno 0'>
   <div class='ocr_carea' id='block_1_1' title="bbox 571 79 761 144">
    <p class='ocr_par' dir='ltr' id='par_1_1' title="bbox 571 79 761 144">
     <span class='ocr_line' id='line_1_1' title="bbox 571 79 761 144; baseline -0.016 0"><span class='ocrx_word' id='word_1_1' title='bbox 571 79 761 144; x_wconf 77' lang='lat' dir='ltr'><strong>-tla-</strong></span> 
     </span>
    </p>
   </div>
   <div class='ocr_carea' id='block_1_2' title="bbox 126 231 1317 2211">
    <p class='ocr_par' dir='ltr' id='par_1_2' title="bbox 126 231 1317 1844">
     <span class='ocr_line' id='line_1_2' title="bbox 127 231 1221 311; baseline 0.008 -22"><span class='ocrx_word' id='word_1_2' title='bbox 127 260 138 289; x_wconf 70' lang='lat' dir='ltr'><strong>a</strong></span> <span class='ocrx_word' id='word_1_3' title='bbox 159 235 366 311; x_wconf 71' lang='lat' dir='ltr'><strong>deprimendo,</strong></span> <span class='ocrx_word' id='word_1_4' title='bbox 393 234 501 294; x_wconf 84' lang='lat' dir='ltr'><strong>eodem</strong></span> <span class='ocrx_word' id='word_1_5' title='bbox 523 234 633 310; x_wconf 83' lang='lat' dir='ltr'><strong>modo,</strong></span> <span class='ocrx_word' id='word_1_6' title='bbox 653 233 778 308; x_wconf 69' lang='lat' dir='ltr'><strong>quanm</strong></span> <span class='ocrx_word' id='word_1_7' title='bbox 805 245 841 291; x_wconf 85' lang='lat' dir='ltr'><strong>ex</strong></span> <span class='ocrx_word' id='word_1_8' title='bbox 860 231 1006 292; x_wconf 86' lang='lat' dir='ltr'><strong>alterutra</strong></span> <span class='ocrx_word' id='word_1_9' title='bbox 1026 235 1117 308; x_wconf 86' lang='lat' dir='ltr'><strong>parte</strong></span> <span class='ocrx_word' id='word_1_10' title='bbox 1135 237 1221 298; x_wconf 83' lang='lat' dir='ltr'><strong>uidet</strong></span> 
     </span>
     <span class='ocr_line' id='line_1_3' title="bbox 129 350 1220 429; baseline 0.01 -25"><span class='ocrx_word' id='word_1_11' title='bbox 129 372 141 404; x_wconf 72' lang='lat' dir='ltr'><strong>a</strong></span> <span class='ocrx_word' id='word_1_12' title='bbox 157 351 251 425; x_wconf 84' lang='lat' dir='ltr'><strong>judex</strong></span> <span class='ocrx_word' id='word_1_13' title='bbox 265 365 394 411; x_wconf 92' lang='lat' dir='ltr'><strong>manum</strong></span> <span class='ocrx_word' id='word_1_14' title='bbox 404 350 533 424; x_wconf 86' lang='lat' dir='ltr'><strong>elatam,</strong></span> <span class='ocrx_word' id='word_1_15' title='bbox 549 351 645 412; x_wconf 86' lang='lat' dir='ltr'><strong>ueluti</strong></span> <span class='ocrx_word' id='word_1_16' title='bbox 660 352 693 409; x_wconf 89' lang='lat' dir='ltr'><strong>in</strong></span> <span class='ocrx_word' id='word_1_17' title='bbox 708 350 923 424; x_wconf 74' lang='lat' dir='ltr'><strong>prosecutione</strong></span> <span class='ocrx_word' id='word_1_18' title='bbox 937 350 1132 426; x_wconf 88' lang='lat' dir='ltr'><strong>importuna,</strong></span> <span class='ocrx_word' id='word_1_19' title='bbox 1147 368 1220 429; x_wconf 86' lang='lat' dir='ltr'><strong>cap·</strong></span> 
     </span>
     <span class='ocr_line' id='line_1_4' title="bbox 126 450 1317 549; baseline 0.003 -20"><span class='ocrx_word' id='word_1_20' title='bbox 126 489 141 520; x_wconf 80' lang='grc' dir='ltr'>ι</span> <span class='ocrx_word' id='word_1_21' title='bbox 161 471 297 530; x_wconf 81' lang='lat' dir='ltr'>tionibus</span> <span class='ocrx_word' id='word_1_22' title='bbox 317 469 495 540; x_wconf 81' lang='lat' dir='ltr'><strong>malitiosis,</strong></span> <span class='ocrx_word' id='word_1_23' title='bbox 517 469 822 545; x_wconf 84' lang='lat' dir='ltr'><strong>combinationibus,</strong></span> <span class='ocrx_word' id='word_1_24' title='bbox 845 471 1017 544; x_wconf 88' lang='lat' dir='ltr'><strong>patrocinio</strong></span> <span class='ocrx_word' id='word_1_25' title='bbox 1042 472 1220 549; x_wconf 88' lang='lat' dir='ltr'><strong>potentum,</strong></span> <span class='ocrx_word' id='word_1_26' title='bbox 1314 450 1317 455; x_wconf 37' lang='lat'><em>¹</em></span> 
     </span>
     <span class='ocr_line' id='line_1_5' title="bbox 127 589 1220 665; baseline 0.003 -15"><span class='ocrx_word' id='word_1_27' title='bbox 127 592 378 651; x_wconf 76' lang='lat' dir='ltr'><strong>convocatorum</strong></span> <span class='ocrx_word' id='word_1_28' title='bbox 401 591 577 665; x_wconf 81' lang='lat' dir='ltr'><strong>disparitate</strong></span> <span class='ocrx_word' id='word_1_29' title='bbox 605 593 635 650; x_wconf 88' lang='lat' dir='ltr'><strong>et</strong></span> <span class='ocrx_word' id='word_1_30' title='bbox 657 590 826 663; x_wconf 79' lang='lat' dir='ltr'><strong>similibus3</strong></span> <span class='ocrx_word' id='word_1_31' title='bbox 859 591 924 651; x_wconf 87' lang='lat' dir='ltr'><strong>tum</strong></span> <span class='ocrx_word' id='word_1_32' title='bbox 949 589 1095 651; x_wconf 87' lang='lat' dir='ltr'><strong>elucescit</strong></span> <span class='ocrx_word' id='word_1_33' title='bbox 1120 592 1220 653; x_wconf 84' lang='lat' dir='ltr'><strong>virtus</strong></span> 
     </span>
     <span class='ocr_line' id='line_1_6' title="bbox 127 710 1221 794; baseline 0.001 -22"><span class='ocrx_word' id='word_1_34' title='bbox 127 735 138 765; x_wconf 79' lang='grc' dir='ltr'><strong><em>ν</em></strong></span> <span class='ocrx_word' id='word_1_35' title='bbox 157 713 270 794; x_wconf 66' lang='lat' dir='ltr'><strong>judicis</strong></span> <span class='ocrx_word' id='word_1_36' title='bbox 280 713 314 772; x_wconf 93' lang='lat' dir='ltr'><strong>in</strong></span> <span class='ocrx_word' id='word_1_37' title='bbox 328 714 486 787; x_wconf 77' lang='lat' dir='ltr'><strong>nouandis</strong></span> <span class='ocrx_word' id='word_1_38' title='bbox 497 714 535 772; x_wconf 89' lang='lat' dir='ltr'><strong>iis</strong></span> <span class='ocrx_word' id='word_1_39' title='bbox 551 727 617 787; x_wconf 79' lang='lat' dir='ltr'><strong>ouae</strong></span> <span class='ocrx_word' id='word_1_40' title='bbox 628 715 702 772; x_wconf 88' lang='lat' dir='ltr'><strong>sunt</strong></span> <span class='ocrx_word' id='word_1_41' title='bbox 710 710 895 785; x_wconf 72' lang='lat' dir='ltr'><strong>inaequalia,</strong></span> <span class='ocrx_word' id='word_1_42' title='bbox 909 713 945 770; x_wconf 87' lang='lat' dir='ltr'><strong>ut</strong></span> <span class='ocrx_word' id='word_1_43' title='bbox 956 711 1113 786; x_wconf 78' lang='lat' dir='ltr'><strong>judicium</strong></span> <span class='ocrx_word' id='word_1_44' title='bbox 1128 726 1221 773; x_wconf 86' lang='lat' dir='ltr'><strong>suum</strong></span> 
     </span>
     <span class='ocr_line' id='line_1_7' title="bbox 128 833 1220 928; baseline 0.002 -37"><span class='ocrx_word' id='word_1_45' title='bbox 128 856 139 884; x_wconf 77' lang='grc' dir='ltr'><strong><em>ν</em></strong></span> <span class='ocrx_word' id='word_1_46' title='bbox 160 833 254 892; x_wconf 86' lang='lat' dir='ltr'><strong>ueluti</strong></span> <span class='ocrx_word' id='word_1_47' title='bbox 265 833 298 892; x_wconf 92' lang='lat' dir='ltr'><strong>in</strong></span> <span class='ocrx_word' id='word_1_48' title='bbox 308 847 380 892; x_wconf 91' lang='lat' dir='ltr'><strong>area</strong></span> <span class='ocrx_word' id='word_1_49' title='bbox 388 835 482 907; x_wconf 90' lang='lat' dir='ltr'><strong>plana</strong></span> <span class='ocrx_word' id='word_1_50' title='bbox 495 833 626 893; x_wconf 82' lang='lat' dir='ltr'><strong>fundare</strong></span> <span class='ocrx_word' id='word_1_51' title='bbox 636 834 742 908; x_wconf 90' lang='lat' dir='ltr'><strong>possit.</strong></span> <span class='ocrx_word' id='word_1_52' title='bbox 761 855 775 884; x_wconf 81' lang='grc' dir='ltr'><strong><em>ν</em></strong></span> <span class='ocrx_word' id='word_1_53' title='bbox 792 835 864 928; x_wconf 73' lang='lat' dir='ltr'><strong>lton</strong></span> <span class='ocrx_word' id='word_1_54' title='bbox 882 833 958 891; x_wconf 88' lang='lat' dir='ltr'><strong>satis</strong></span> <span class='ocrx_word' id='word_1_55' title='bbox 973 833 1019 892; x_wconf 89' lang='lat' dir='ltr'><strong>est</strong></span> <span class='ocrx_word' id='word_1_56' title='bbox 1033 833 1220 895; x_wconf 77' lang='grc'><strong>111111111-</strong></span> 
     </span>
     <span class='ocr_line' id='line_1_8' title="bbox 126 939 1222 1028; baseline 0.004 -17"><span class='ocrx_word' id='word_1_57' title='bbox 126 953 295 1028; x_wconf 89' lang='lat' dir='ltr'><strong>ruptelam,</strong></span> <span class='ocrx_word' id='word_1_58' title='bbox 312 954 374 1012; x_wconf 91' lang='lat' dir='ltr'><strong>nisi</strong></span> <span class='ocrx_word' id='word_1_59' title='bbox 391 955 459 1026; x_wconf 91' lang='lat' dir='ltr'><strong>ipsa</strong></span> <span class='ocrx_word' id='word_1_60' title='bbox 480 968 602 1028; x_wconf 81' lang='lat' dir='ltr'><strong>quoquc</strong></span> <span class='ocrx_word' id='word_1_61' title='bbox 622 954 702 1013; x_wconf 88' lang='lat' dir='ltr'><strong>absit</strong></span> <span class='ocrx_word' id='word_1_62' title='bbox 724 940 808 1014; x_wconf 82' lang='lat' dir='ltr'><strong>illius</strong></span> <span class='ocrx_word' id='word_1_63' title='bbox 829 953 963 1028; x_wconf 90' lang='lat' dir='ltr'><strong>suspicio</strong></span> <span class='ocrx_word' id='word_1_64' title='bbox 981 939 989 1011; x_wconf 77' lang='grc' dir='ltr'><strong><em>ἑ</em></strong></span> <span class='ocrx_word' id='word_1_65' title='bbox 1008 956 1105 1013; x_wconf 77' lang='lat' dir='ltr'><strong>«Non</strong></span> <span class='ocrx_word' id='word_1_66' title='bbox 1120 955 1222 1015; x_wconf 90' lang='lat' dir='ltr'><strong>solum</strong></span> 
     </span>
     <span class='ocr_line' id='line_1_9' title="bbox 129 1071 1223 1149; baseline 0.01 -26"><span class='ocrx_word' id='word_1_67' title='bbox 129 1095 141 1123; x_wconf 72' lang='lat' dir='ltr'><strong>a</strong></span> <span class='ocrx_word' id='word_1_68' title='bbox 161 1084 273 1130; x_wconf 92' lang='lat' dir='ltr'><strong>manus</strong></span> <span class='ocrx_word' id='word_1_69' title='bbox 288 1072 443 1146; x_wconf 91' lang='lat' dir='ltr'><strong>tuiipsius</strong></span> <span class='ocrx_word' id='word_1_70' title='bbox 458 1074 487 1132; x_wconf 91' lang='lat' dir='ltr'><strong>et</strong></span> <span class='ocrx_word' id='word_1_71' title='bbox 505 1075 628 1132; x_wconf 89' lang='lat' dir='ltr'><strong>tuorum</strong></span> <span class='ocrx_word' id='word_1_72' title='bbox 649 1073 725 1149; x_wconf 82' lang='lat' dir='ltr'><strong>liga,</strong></span> <span class='ocrx_word' id='word_1_73' title='bbox 750 1086 791 1132; x_wconf 94' lang='lat' dir='ltr'><strong>ne</strong></span> <span class='ocrx_word' id='word_1_74' title='bbox 805 1084 936 1132; x_wconf 88' lang='lat' dir='ltr'><strong>munera</strong></span> <span class='ocrx_word' id='word_1_75' title='bbox 950 1071 1154 1148; x_wconf 83' lang='lat' dir='ltr'><strong>accipiantur,</strong></span> <span class='ocrx_word' id='word_1_76' title='bbox 1168 1074 1223 1133; x_wconf 82' lang='lat' dir='ltr'><strong>sed</strong></span> 
     </span>
     <span class='ocr_line' id='line_1_10' title="bbox 129 1189 1223 1267; baseline 0.003 -18"><span class='ocrx_word' id='word_1_77' title='bbox 129 1212 140 1242; x_wconf 75' lang='grc'><strong>1</strong></span> <span class='ocrx_word' id='word_1_78' title='bbox 161 1190 253 1249; x_wconf 90' lang='lat' dir='ltr'><strong>etiam</strong></span> <span class='ocrx_word' id='word_1_79' title='bbox 270 1205 382 1250; x_wconf 91' lang='lat' dir='ltr'><strong>manus</strong></span> <span class='ocrx_word' id='word_1_80' title='bbox 407 1192 664 1267; x_wconf 84' lang='lat' dir='ltr'><strong>supplicantium,</strong></span> <span class='ocrx_word' id='word_1_81' title='bbox 682 1206 723 1252; x_wconf 90' lang='lat' dir='ltr'><strong>ne</strong></span> <span class='ocrx_word' id='word_1_82' title='bbox 744 1206 780 1252; x_wconf 94' lang='lat' dir='ltr'><strong>ea</strong></span> <span class='ocrx_word' id='word_1_83' title='bbox 802 1191 980 1251; x_wconf 81' lang='lat' dir='ltr'><strong>onerantur.</strong></span> <span class='ocrx_word' id='word_1_84' title='bbox 1001 1189 1090 1250; x_wconf 85' lang='lat' dir='ltr'><strong>Prius</strong></span> <span class='ocrx_word' id='word_1_85' title='bbox 1107 1191 1223 1252; x_wconf 82' lang='lat' dir='ltr'><strong>honum</strong></span> 
     </span>
     <span class='ocr_line' id='line_1_11' title="bbox 129 1310 1224 1387; baseline 0.006 -19"><span class='ocrx_word' id='word_1_86' title='bbox 129 1312 286 1383; x_wconf 81' lang='lat' dir='ltr'><strong>«praestat</strong></span> <span class='ocrx_word' id='word_1_87' title='bbox 309 1312 403 1385; x_wconf 89' lang='lat' dir='ltr'><strong>certe,</strong></span> <span class='ocrx_word' id='word_1_88' title='bbox 429 1310 586 1384; x_wconf 82' lang='lat' dir='ltr'><strong>integritas</strong></span> <span class='ocrx_word' id='word_1_89' title='bbox 605 1312 756 1387; x_wconf 81' lang='lat' dir='ltr'><strong>adhibita3</strong></span> <span class='ocrx_word' id='word_1_90' title='bbox 778 1325 886 1372; x_wconf 89' lang='lat' dir='ltr'><strong>verum</strong></span> <span class='ocrx_word' id='word_1_91' title='bbox 911 1323 948 1372; x_wconf 93' lang='lat' dir='ltr'><strong>ea</strong></span> <span class='ocrx_word' id='word_1_92' title='bbox 965 1311 1033 1385; x_wconf 90' lang='lat' dir='ltr'><strong>ipsa</strong></span> <span class='ocrx_word' id='word_1_93' title='bbox 1055 1312 1224 1385; x_wconf 72' lang='lat' dir='ltr'><strong>procreata</strong></span> 
     </span>
     <span class='ocr_line' id='line_1_12' title="bbox 130 1424 1222 1507; baseline 0.002 -17"><span class='ocrx_word' id='word_1_94' title='bbox 130 1451 141 1481; x_wconf 77' lang='grc' dir='ltr'><strong><em>ν</em></strong></span> <span class='ocrx_word' id='word_1_95' title='bbox 161 1432 191 1490; x_wconf 89' lang='lat' dir='ltr'><strong>et</strong></span> <span class='ocrx_word' id='word_1_96' title='bbox 206 1445 242 1491; x_wconf 85' lang='lat' dir='ltr'><strong>ex</strong></span> <span class='ocrx_word' id='word_1_97' title='bbox 256 1432 414 1505; x_wconf 86' lang='lat' dir='ltr'><strong>professo,</strong></span> <span class='ocrx_word' id='word_1_98' title='bbox 428 1433 521 1505; x_wconf 83' lang='lat' dir='ltr'><strong>inque</strong></span> <span class='ocrx_word' id='word_1_99' title='bbox 539 1445 609 1492; x_wconf 93' lang='lat' dir='ltr'><strong>cum</strong></span> <span class='ocrx_word' id='word_1_100' title='bbox 624 1433 823 1492; x_wconf 86' lang='lat' dir='ltr'><strong>detestatione</strong></span> <span class='ocrx_word' id='word_1_101' title='bbox 840 1424 1102 1507; x_wconf 86' lang='lat' dir='ltr'><strong>corruptelarum,</strong></span> <span class='ocrx_word' id='word_1_102' title='bbox 1126 1432 1222 1492; x_wconf 85' lang='lat' dir='ltr'><strong>etiam</strong></span> 
     </span>
     <span class='ocr_line' id='line_1_13' title="bbox 131 1549 1223 1624; baseline -0.002 -15"><span class='ocrx_word' id='word_1_103' title='bbox 131 1570 143 1597; x_wconf 85' lang='lat'>‹</span> <span class='ocrx_word' id='word_1_104' title='bbox 164 1550 316 1621; x_wconf 89' lang='lat' dir='ltr'><strong>posterius</strong></span> <span class='ocrx_word' id='word_1_105' title='bbox 332 1551 515 1624; x_wconf 86' lang='lat' dir='ltr'><strong>assequitur.</strong></span> <span class='ocrx_word' id='word_1_106' title='bbox 526 1552 628 1624; x_wconf 84' lang='lat' dir='ltr'><strong>Neque</strong></span> <span class='ocrx_word' id='word_1_107' title='bbox 641 1553 761 1610; x_wconf 88' lang='lat' dir='ltr'><strong>tantum</strong></span> <span class='ocrx_word' id='word_1_108' title='bbox 775 1549 914 1624; x_wconf 89' lang='lat' dir='ltr'><strong>culpam,</strong></span> <span class='ocrx_word' id='word_1_109' title='bbox 928 1563 1036 1610; x_wconf 91' lang='lat' dir='ltr'><strong>verum</strong></span> <span class='ocrx_word' id='word_1_110' title='bbox 1049 1549 1146 1608; x_wconf 90' lang='lat' dir='ltr'><strong>etiam</strong></span> <span class='ocrx_word' id='word_1_111' title='bbox 1156 1562 1223 1608; x_wconf 89' lang='lat' dir='ltr'><strong>sus·</strong></span> 
     </span>
     <span class='ocr_line' id='line_1_14' title="bbox 132 1664 1224 1742; baseline 0.001 -18"><span class='ocrx_word' id='word_1_112' title='bbox 132 1687 143 1716; x_wconf 77' lang='grc'><strong>1</strong></span> <span class='ocrx_word' id='word_1_113' title='bbox 164 1666 318 1739; x_wconf 88' lang='lat' dir='ltr'><strong>pictonem</strong></span> <span class='ocrx_word' id='word_1_114' title='bbox 331 1668 450 1728; x_wconf 66' lang='lat' dir='ltr'><strong>*devita</strong></span> <span class='ocrx_word' id='word_1_115' title='bbox 475 1666 530 1741; x_wconf 87' lang='grc'><strong>(1).</strong></span> <span class='ocrx_word' id='word_1_116' title='bbox 549 1690 561 1720; x_wconf 82' lang='grc' dir='ltr'><strong><em>ν</em></strong></span> <span class='ocrx_word' id='word_1_117' title='bbox 587 1669 673 1737; x_wconf 83' lang='lat' dir='ltr'><strong>Quod</strong></span> <span class='ocrx_word' id='word_1_118' title='bbox 695 1669 761 1742; x_wconf 89' lang='lat' dir='ltr'><strong>ipse</strong></span> <span class='ocrx_word' id='word_1_119' title='bbox 780 1668 901 1728; x_wconf 91' lang='lat' dir='ltr'><strong>utinam</strong></span> <span class='ocrx_word' id='word_1_120' title='bbox 919 1679 1081 1741; x_wconf 89' lang='lat' dir='ltr'><strong>nunquam</strong></span> <span class='ocrx_word' id='word_1_121' title='bbox 1106 1664 1224 1726; x_wconf 86' lang='lat' dir='ltr'><strong>oblitus</strong></span> 
     </span>
     <span class='ocr_line' id='line_1_15' title="bbox 130 1776 437 1844; baseline 0.003 -2"><span class='ocrx_word' id='word_1_122' title='bbox 130 1785 211 1843; x_wconf 87' lang='lat' dir='ltr'><strong>essct</strong></span> <span class='ocrx_word' id='word_1_123' title='bbox 225 1776 437 1844; x_wconf 84' lang='lat' dir='ltr'><strong>Verulamius!&#39;</strong></span> 
     </span>
    </p>

    <p class='ocr_par' dir='ltr' id='par_1_3' title="bbox 128 1902 1228 2211">
     <span class='ocr_line' id='line_1_16' title="bbox 164 1902 1225 1978; baseline 0 -17"><span class='ocrx_word' id='word_1_124' title='bbox 164 1902 283 1976; x_wconf 88' lang='lat' dir='ltr'><strong>optime</strong></span> <span class='ocrx_word' id='word_1_125' title='bbox 297 1903 422 1978; x_wconf 86' lang='lat' dir='ltr'><strong>quidem</strong></span> <span class='ocrx_word' id='word_1_126' title='bbox 436 1903 513 1963; x_wconf 80' lang='lat' dir='ltr'><strong>dixit</strong></span> <span class='ocrx_word' id='word_1_127' title='bbox 525 1905 633 1964; x_wconf 85' lang='lat' dir='ltr'><strong>Plato:</strong></span> <span class='ocrx_word' id='word_1_128' title='bbox 652 1923 665 1956; x_wconf 80' lang='grc' dir='ltr'><strong><em>ν</em></strong></span> <span class='ocrx_word' id='word_1_129' title='bbox 681 1915 742 1972; x_wconf 68' lang='grc' dir='ltr'><strong>τοὺς</strong></span> <span class='ocrx_word' id='word_1_130' title='bbox 753 1919 784 1977; x_wconf 71' lang='grc' dir='ltr'><strong>τῇ</strong></span> <span class='ocrx_word' id='word_1_131' title='bbox 805 1909 903 1976; x_wconf 64' lang='grc' dir='ltr'>πατριδι</span> <span class='ocrx_word' id='word_1_132' title='bbox 922 1907 1225 1976; x_wconf 61' lang='lat' dir='ltr'><strong>tamosissimam</strong></span> 
     </span>
     <span class='ocr_line' id='line_1_17' title="bbox 128 2024 1226 2098; baseline 0 -20"><span class='ocrx_word' id='word_1_133' title='bbox 128 2031 199 2093; x_wconf 78' lang='grc' dir='ltr'>χωρὶς</span> <span class='ocrx_word' id='word_1_134' title='bbox 211 2035 255 2095; x_wconf 77' lang='grc' dir='ltr'><strong>χρὴ</strong></span> <span class='ocrx_word' id='word_1_135' title='bbox 271 2027 401 2093; x_wconf 76' lang='grc' dir='ltr'>διακονεῖν,</span> <span class='ocrx_word' id='word_1_136' title='bbox 415 2032 531 2098; x_wconf 70' lang='grc' dir='ltr'><strong>πρόφασιν</strong></span> <span class='ocrx_word' id='word_1_137' title='bbox 554 2024 577 2078; x_wconf 80' lang='grc' dir='ltr'><strong>δ’</strong></span> <span class='ocrx_word' id='word_1_138' title='bbox 586 2025 645 2080; x_wconf 84' lang='grc' dir='ltr'><strong><em>εἶναι</em></strong></span> <span class='ocrx_word' id='word_1_139' title='bbox 666 2025 788 2093; x_wconf 74' lang='grc' dir='ltr'><strong>μηδεμίαν</strong></span> <span class='ocrx_word' id='word_1_140' title='bbox 810 2027 875 2091; x_wconf 75' lang='grc' dir='ltr'><strong>μηδὲ</strong></span> <span class='ocrx_word' id='word_1_141' title='bbox 896 2030 965 2093; x_wconf 77' lang='grc' dir='ltr'><strong><em>λόγον</em></strong></span> <span class='ocrx_word' id='word_1_142' title='bbox 989 2025 1180 2091; x_wconf 72' lang='grc' dir='ltr'><strong><em>ἐπαινούμενον,</em></strong></span> <span class='ocrx_word' id='word_1_143' title='bbox 1193 2029 1226 2084; x_wconf 71' lang='grc' dir='ltr'><strong>ὥς</strong></span> 
     </span>
     <span class='ocr_line' id='line_1_18' title="bbox 130 2137 1228 2211; baseline 0 -21"><span class='ocrx_word' id='word_1_144' title='bbox 130 2137 166 2194; x_wconf 83' lang='grc' dir='ltr'><strong>ἐπ’</strong></span> <span class='ocrx_word' id='word_1_145' title='bbox 182 2141 281 2206; x_wconf 82' lang='grc' dir='ltr'><strong><em>ἀγαθοῖς</em></strong></span> <span class='ocrx_word' id='word_1_146' title='bbox 301 2149 345 2208; x_wconf 73' lang='grc' dir='ltr'><strong>μὲν</strong></span> <span class='ocrx_word' id='word_1_147' title='bbox 368 2143 404 2195; x_wconf 75' lang='grc' dir='ltr'><strong>δεῖ</strong></span> <span class='ocrx_word' id='word_1_148' title='bbox 428 2144 536 2210; x_wconf 74' lang='grc' dir='ltr'><strong>δέχεσθαι</strong></span> <span class='ocrx_word' id='word_1_149' title='bbox 550 2144 632 2211; x_wconf 77' lang='grc' dir='ltr'>δῶρα,</span> <span class='ocrx_word' id='word_1_150' title='bbox 646 2145 685 2197; x_wconf 71' lang='grc' dir='ltr'><strong>ἐπὶ</strong></span> <span class='ocrx_word' id='word_1_151' title='bbox 701 2143 726 2194; x_wconf 77' lang='lat' dir='ltr'><strong>tt</strong></span> <span class='ocrx_word' id='word_1_152' title='bbox 739 2143 848 2209; x_wconf 75' lang='grc' dir='ltr'><strong>φλαύροις</strong></span> <span class='ocrx_word' id='word_1_153' title='bbox 859 2142 887 2193; x_wconf 77' lang='grc' dir='ltr'><strong>οὓ</strong></span> <span class='ocrx_word' id='word_1_154' title='bbox 900 2139 942 2205; x_wconf 72' lang='lat' dir='ltr'><strong>itt.</strong></span> <span class='ocrx_word' id='word_1_155' title='bbox 957 2147 998 2205; x_wconf 14' lang='lat' dir='ltr'><strong>&#39;Tc</strong></span> <span class='ocrx_word' id='word_1_156' title='bbox 1020 2143 1065 2207; x_wconf 65' lang='grc' dir='ltr'><strong>γὰρ</strong></span> <span class='ocrx_word' id='word_1_157' title='bbox 1085 2146 1176 2204; x_wconf 72' lang='grc' dir='ltr'><strong><em>γνῶναι</em></strong></span> <span class='ocrx_word' id='word_1_158' title='bbox 1187 2143 1228 2190; x_wconf 76' lang='grc' dir='ltr'><strong>καὶ</strong></span> 
     </span>
    </p>
   </div>
   <div class='ocr_carea' id='block_1_3' title="bbox 130 2254 1228 2323">
    <p class='ocr_par' dir='ltr' id='par_1_4' title="bbox 130 2254 1228 2323">
     <span class='ocr_line' id='line_1_19' title="bbox 130 2254 1228 2323; baseline 0 -19"><span class='ocrx_word' id='word_1_159' title='bbox 130 2258 217 2316; x_wconf 75' lang='grc' dir='ltr'><strong><em>γνόντα</em></strong></span> <span class='ocrx_word' id='word_1_160' title='bbox 228 2264 345 2323; x_wconf 77' lang='grc' dir='ltr'><strong><em>καρτερεῖν</em></strong></span> <span class='ocrx_word' id='word_1_161' title='bbox 358 2255 399 2307; x_wconf 75' lang='grc' dir='ltr'><strong>οὐκ</strong></span> <span class='ocrx_word' id='word_1_162' title='bbox 411 2257 522 2320; x_wconf 73' lang='grc' dir='ltr'><strong>εὐπετὲς,</strong></span> <span class='ocrx_word' id='word_1_163' title='bbox 535 2255 653 2308; x_wconf 77' lang='grc' dir='ltr'><strong><em>ἀκούοντα</em></strong></span> <span class='ocrx_word' id='word_1_164' title='bbox 675 2256 700 2307; x_wconf 75' lang='grc' dir='ltr'><strong>δὲ</strong></span> <span class='ocrx_word' id='word_1_165' title='bbox 722 2255 901 2321; x_wconf 66' lang='grc' dir='ltr'><strong><em>ἀσφαλέστατον</em></strong></span> <span class='ocrx_word' id='word_1_166' title='bbox 926 2254 1049 2307; x_wconf 75' lang='grc' dir='ltr'>πείθεσθαι</span> <span class='ocrx_word' id='word_1_167' title='bbox 1076 2259 1113 2317; x_wconf 74' lang='grc' dir='ltr'><strong>τῷ</strong></span> <span class='ocrx_word' id='word_1_168' title='bbox 1137 2255 1228 2322; x_wconf 71' lang='grc' dir='ltr'><strong><em>νόμῳ,</em></strong></span> 
     </span>
    </p>
   </div>
   <div class='ocr_carea' id='block_1_4' title="bbox 130 2353 1226 2439">
    <p class='ocr_par' dir='ltr' id='par_1_5' title="bbox 130 2347 1226 2439">
     <span class='ocr_line' id='line_1_20' title="bbox 130 2353 1226 2439; baseline 0.004 -23"><span class='ocrx_word' id='word_1_169' title='bbox 130 2365 207 2429; x_wconf 66' lang='grc' dir='ltr'><strong><em>μηδὲν</em></strong></span> <span class='ocrx_word' id='word_1_170' title='bbox 216 2368 256 2420; x_wconf 79' lang='grc' dir='ltr'><strong>ἐπὶ</strong></span> <span class='ocrx_word' id='word_1_171' title='bbox 266 2367 360 2433; x_wconf 73' lang='grc' dir='ltr'><strong><em>δώροισι</em></strong></span> <span class='ocrx_word' id='word_1_172' title='bbox 374 2353 539 2422; x_wconf 75' lang='grc' dir='ltr'><strong><em>διακονεῖν.Ὀ</em></strong></span> <span class='ocrx_word' id='word_1_173' title='bbox 551 2369 576 2421; x_wconf 80' lang='lat' dir='ltr'><strong>tt</strong></span> <span class='ocrx_word' id='word_1_174' title='bbox 587 2378 622 2434; x_wconf 79' lang='grc' dir='ltr'><strong>μὴ</strong></span> <span class='ocrx_word' id='word_1_175' title='bbox 638 2372 778 2434; x_wconf 76' lang='grc' dir='ltr'><strong><em>πειθόμενος</em></strong></span> <span class='ocrx_word' id='word_1_176' title='bbox 787 2371 982 2429; x_wconf 62' lang='lat' dir='ltr'><strong>tetensteten</strong></span> <span class='ocrx_word' id='word_1_177' title='bbox 993 2368 1104 2432; x_wconf 55' lang='lat' dir='ltr'><strong>&amp;obera</strong></span> <span class='ocrx_word' id='word_1_178' title='bbox 1115 2366 1172 2439; x_wconf 70' lang='grc' dir='ltr'><strong>δίκῃ</strong></span> <span class='ocrx_word' id='word_1_179' title='bbox 1183 2365 1226 2431; x_wconf 71' lang='grc'><strong>(3).</strong></span> 
     </span>
    </p>
   </div>
   <div class='ocr_carea' id='block_1_5' title="bbox 131 2477 1283 3275">
    <p class='ocr_par' dir='ltr' id='par_1_6' title="bbox 131 2477 1283 3275">
     <span class='ocr_line' id='line_1_21' title="bbox 131 2477 1230 2555; baseline 0.003 -18"><span class='ocrx_word' id='word_1_180' title='bbox 131 2479 218 2548; x_wconf 82' lang='lat' dir='ltr'><strong>Quod</strong></span> <span class='ocrx_word' id='word_1_181' title='bbox 229 2480 267 2538; x_wconf 84' lang='lat' dir='ltr'><strong>de</strong></span> <span class='ocrx_word' id='word_1_182' title='bbox 277 2480 504 2551; x_wconf 81' lang='lat' dir='ltr'><strong>magistratibus</strong></span> <span class='ocrx_word' id='word_1_183' title='bbox 514 2481 590 2539; x_wconf 79' lang='lat' dir='ltr'><strong>dixit</strong></span> <span class='ocrx_word' id='word_1_184' title='bbox 602 2482 703 2555; x_wconf 83' lang='lat' dir='ltr'><strong>Plato,</strong></span> <span class='ocrx_word' id='word_1_185' title='bbox 719 2481 759 2540; x_wconf 83' lang='lat' dir='ltr'><strong>att</strong></span> <span class='ocrx_word' id='word_1_186' title='bbox 770 2481 891 2554; x_wconf 84' lang='lat' dir='ltr'><strong>judices</strong></span> <span class='ocrx_word' id='word_1_187' title='bbox 906 2481 986 2539; x_wconf 86' lang='lat' dir='ltr'><strong>recte</strong></span> <span class='ocrx_word' id='word_1_188' title='bbox 995 2477 1230 2540; x_wconf 79' lang='lat' dir='ltr'><strong>extendendum</strong></span> 
     </span>
     <span class='ocr_line' id='line_1_22' title="bbox 132 2599 1229 2674; baseline -0.001 -17"><span class='ocrx_word' id='word_1_189' title='bbox 132 2601 200 2658; x_wconf 84' lang='lat' dir='ltr'><strong>est:</strong></span> <span class='ocrx_word' id='word_1_190' title='bbox 224 2615 302 2673; x_wconf 81' lang='lat' dir='ltr'><strong>quos</strong></span> <span class='ocrx_word' id='word_1_191' title='bbox 325 2601 482 2661; x_wconf 85' lang='lat' dir='ltr'><strong>includere</strong></span> <span class='ocrx_word' id='word_1_192' title='bbox 501 2602 625 2662; x_wconf 81' lang='lat' dir='ltr'><strong>videtur</strong></span> <span class='ocrx_word' id='word_1_193' title='bbox 643 2602 794 2661; x_wconf 89' lang='lat' dir='ltr'><strong>latissima</strong></span> <span class='ocrx_word' id='word_1_194' title='bbox 816 2601 871 2660; x_wconf 89' lang='lat' dir='ltr'><strong>illa</strong></span> <span class='ocrx_word' id='word_1_195' title='bbox 889 2599 1025 2659; x_wconf 85' lang='lat' dir='ltr'><strong>Platonis</strong></span> <span class='ocrx_word' id='word_1_196' title='bbox 1047 2612 1134 2660; x_wconf 74' lang='lat' dir='ltr'><strong>vose</strong></span> <span class='ocrx_word' id='word_1_197' title='bbox 1160 2602 1229 2674; x_wconf 69' lang='lat' dir='ltr'><strong>qut-</strong></span> 
     </span>
     <span class='ocr_line' id='line_1_23' title="bbox 131 2718 1245 2796; baseline 0.004 -20"><span class='ocrx_word' id='word_1_198' title='bbox 131 2735 254 2793; x_wconf 80' lang='lat' dir='ltr'><strong>cumque</strong></span> <span class='ocrx_word' id='word_1_199' title='bbox 277 2724 389 2794; x_wconf 83' lang='lat' dir='ltr'><strong>patriae</strong></span> <span class='ocrx_word' id='word_1_200' title='bbox 410 2737 470 2782; x_wconf 81' lang='lat' dir='ltr'><strong>auae</strong></span> <span class='ocrx_word' id='word_1_201' title='bbox 493 2725 688 2796; x_wconf 79' lang='lat' dir='ltr'><strong>ministrarat,</strong></span> <span class='ocrx_word' id='word_1_202' title='bbox 714 2736 810 2796; x_wconf 80' lang='lat' dir='ltr'><strong>quum</strong></span> <span class='ocrx_word' id='word_1_203' title='bbox 832 2721 971 2794; x_wconf 80' lang='lat' dir='ltr'><strong>judicare</strong></span> <span class='ocrx_word' id='word_1_204' title='bbox 998 2719 1038 2779; x_wconf 86' lang='lat' dir='ltr'><strong>stt</strong></span> <span class='ocrx_word' id='word_1_205' title='bbox 1061 2718 1245 2792; x_wconf 79' lang='lat' dir='ltr'><strong>ponticum</strong></span> 
     </span>
     <span class='ocr_line' id='line_1_24' title="bbox 132 2825 1283 2915; baseline 0.005 -15"><span class='ocrx_word' id='word_1_206' title='bbox 132 2855 262 2915; x_wconf 91' lang='lat' dir='ltr'><strong>munus,</strong></span> <span class='ocrx_word' id='word_1_207' title='bbox 278 2841 436 2915; x_wconf 88' lang='lat' dir='ltr'><strong>publicum</strong></span> <span class='ocrx_word' id='word_1_208' title='bbox 450 2843 598 2903; x_wconf 87' lang='lat' dir='ltr'><strong>officium.</strong></span> <span class='ocrx_word' id='word_1_209' title='bbox 1280 2825 1283 2831; x_wconf 39' lang='lat'>⁸</span> 
     </span>
     <span class='ocr_line' id='line_1_25' title="bbox 168 2955 1231 3037; baseline -0.004 -17"><span class='ocrx_word' id='word_1_210' title='bbox 168 2962 247 3023; x_wconf 81' lang='lat' dir='ltr'><strong>Ciuis</strong></span> <span class='ocrx_word' id='word_1_211' title='bbox 262 2963 355 3035; x_wconf 81' lang='lat' dir='ltr'><strong>igitur</strong></span> <span class='ocrx_word' id='word_1_212' title='bbox 365 2977 456 3036; x_wconf 83' lang='lat' dir='ltr'><strong>quem</strong></span> <span class='ocrx_word' id='word_1_213' title='bbox 467 2963 582 3037; x_wconf 82' lang='lat' dir='ltr'><strong>judicis</strong></span> <span class='ocrx_word' id='word_1_214' title='bbox 598 2961 701 3022; x_wconf 89' lang='lat' dir='ltr'><strong>oiticio</strong></span> <span class='ocrx_word' id='word_1_215' title='bbox 715 2961 831 3035; x_wconf 91' lang='lat' dir='ltr'><strong>optime</strong></span> <span class='ocrx_word' id='word_1_216' title='bbox 840 2958 928 3031; x_wconf 81' lang='lat' dir='ltr'><strong>iungi</strong></span> <span class='ocrx_word' id='word_1_217' title='bbox 947 2957 1092 3019; x_wconf 84' lang='lat' dir='ltr'><strong>uolumus</strong></span> <span class='ocrx_word' id='word_1_218' title='bbox 1106 2955 1231 3029; x_wconf 81' lang='lat' dir='ltr'><strong>integer</strong></span> 
     </span>
     <span class='ocr_line' id='line_1_26' title="bbox 134 3073 1230 3157; baseline -0.005 -17"><span class='ocrx_word' id='word_1_219' title='bbox 134 3082 195 3140; x_wconf 90' lang='lat' dir='ltr'><strong>sit:</strong></span> <span class='ocrx_word' id='word_1_220' title='bbox 220 3082 294 3157; x_wconf 84' lang='lat' dir='ltr'><strong>quid</strong></span> <span class='ocrx_word' id='word_1_221' title='bbox 316 3085 464 3157; x_wconf 81' lang='lat' dir='ltr'><strong>praterea</strong></span> <span class='ocrx_word' id='word_1_222' title='bbox 486 3084 586 3142; x_wconf 87' lang='lat' dir='ltr'><strong>iacere</strong></span> <span class='ocrx_word' id='word_1_223' title='bbox 604 3081 712 3140; x_wconf 85' lang='lat' dir='ltr'><strong>debeat</strong></span> <span class='ocrx_word' id='word_1_224' title='bbox 735 3080 906 3140; x_wconf 79' lang='lat' dir='ltr'><strong>videamus.</strong></span> <span class='ocrx_word' id='word_1_225' title='bbox 941 3079 1008 3136; x_wconf 89' lang='lat' dir='ltr'><strong>Non</strong></span> <span class='ocrx_word' id='word_1_226' title='bbox 1037 3074 1121 3134; x_wconf 90' lang='lat' dir='ltr'><strong>enim</strong></span> <span class='ocrx_word' id='word_1_227' title='bbox 1140 3073 1230 3134; x_wconf 86' lang='lat' dir='ltr'><strong>clare</strong></span> 
     </span>
     <span class='ocr_line' id='line_1_27' title="bbox 133 3180 1229 3275; baseline -0.008 -15"><span class='ocrx_word' id='word_1_228' title='bbox 133 3201 353 3275; x_wconf 87' lang='lat' dir='ltr'><strong>perspicueque</strong></span> <span class='ocrx_word' id='word_1_229' title='bbox 373 3200 518 3261; x_wconf 85' lang='lat' dir='ltr'><strong>omnibus</strong></span> <span class='ocrx_word' id='word_1_230' title='bbox 534 3199 608 3273; x_wconf 85' lang='lat' dir='ltr'><strong>quid</strong></span> <span class='ocrx_word' id='word_1_231' title='bbox 628 3198 746 3272; x_wconf 82' lang='lat' dir='ltr'><strong>justum</strong></span> <span class='ocrx_word' id='word_1_232' title='bbox 768 3198 808 3257; x_wconf 92' lang='lat' dir='ltr'><strong>sit</strong></span> <span class='ocrx_word' id='word_1_233' title='bbox 822 3196 965 3270; x_wconf 89' lang='lat' dir='ltr'><strong>apparet,</strong></span> <span class='ocrx_word' id='word_1_234' title='bbox 992 3195 1028 3253; x_wconf 88' lang='lat' dir='ltr'><strong>ut</strong></span> <span class='ocrx_word' id='word_1_235' title='bbox 1048 3180 1171 3266; x_wconf 84' lang='lat' dir='ltr'><strong>semper</strong></span> <span class='ocrx_word' id='word_1_236' title='bbox 1191 3191 1229 3251; x_wconf 86' lang='lat' dir='ltr'><strong>in</strong></span> 
     </span>
    </p>
   </div>
   <div class='ocr_carea' id='block_1_6' title="bbox 134 3586 1234 4114">
    <p class='ocr_par' dir='ltr' id='par_1_7' title="bbox 136 3586 1234 3842">
     <span class='ocr_line' id='line_1_28' title="bbox 169 3586 1234 3661; baseline -0.004 -15"><span class='ocrx_word' id='word_1_237' title='bbox 169 3595 201 3658; x_wconf 79' lang='grc'><strong>(11</strong></span> <span class='ocrx_word' id='word_1_238' title='bbox 220 3595 344 3660; x_wconf 78' lang='lat' dir='ltr'><strong>nemag.</strong></span> <span class='ocrx_word' id='word_1_239' title='bbox 361 3598 387 3648; x_wconf 89' lang='lat' dir='ltr'><strong>et</strong></span> <span class='ocrx_word' id='word_1_240' title='bbox 402 3595 476 3661; x_wconf 81' lang='lat' dir='ltr'><strong>dign.</strong></span> <span class='ocrx_word' id='word_1_241' title='bbox 496 3597 523 3648; x_wconf 83' lang='lat'><strong>3.</strong></span> <span class='ocrx_word' id='word_1_242' title='bbox 538 3623 570 3632; x_wconf 88' lang='lat'><em>-</em></span> <span class='ocrx_word' id='word_1_243' title='bbox 582 3593 702 3656; x_wconf 82' lang='lat' dir='ltr'><strong>Tullius,</strong></span> <span class='ocrx_word' id='word_1_244' title='bbox 718 3593 752 3647; x_wconf 86' lang='lat' dir='ltr'><strong>de</strong></span> <span class='ocrx_word' id='word_1_245' title='bbox 768 3591 818 3646; x_wconf 86' lang='lat' dir='ltr'><strong>0ii.</strong></span> <span class='ocrx_word' id='word_1_246' title='bbox 836 3593 876 3654; x_wconf 88' lang='lat' dir='ltr'><strong>tt,</strong></span> <span class='ocrx_word' id='word_1_247' title='bbox 889 3591 940 3644; x_wconf 80' lang='lat' dir='ltr'><strong>tr:</strong></span> <span class='ocrx_word' id='word_1_248' title='bbox 956 3609 966 3636; x_wconf 81' lang='grc' dir='ltr'><strong><em>ν</em></strong></span> <span class='ocrx_word' id='word_1_249' title='bbox 983 3586 1171 3655; x_wconf 76' lang='lat' dir='ltr'><strong>copulantem</strong></span> <span class='ocrx_word' id='word_1_250' title='bbox 1185 3589 1234 3642; x_wconf 82' lang='lat' dir='ltr'><strong>est</strong></span> 
     </span>
     <span class='ocr_line' id='line_1_29' title="bbox 136 3672 1233 3752; baseline -0.005 -15"><span class='ocrx_word' id='word_1_251' title='bbox 136 3704 147 3730; x_wconf 81' lang='grc'><strong>1</strong></span> <span class='ocrx_word' id='word_1_252' title='bbox 168 3684 196 3737; x_wconf 92' lang='lat' dir='ltr'><strong>iu</strong></span> <span class='ocrx_word' id='word_1_253' title='bbox 218 3686 292 3738; x_wconf 91' lang='lat' dir='ltr'><strong>omni</strong></span> <span class='ocrx_word' id='word_1_254' title='bbox 309 3685 498 3752; x_wconf 87' lang='lat' dir='ltr'><strong>procuratione</strong></span> <span class='ocrx_word' id='word_1_255' title='bbox 517 3686 620 3751; x_wconf 80' lang='lat' dir='ltr'><strong>negotii</strong></span> <span class='ocrx_word' id='word_1_256' title='bbox 631 3686 658 3739; x_wconf 90' lang='lat' dir='ltr'><strong>et</strong></span> <span class='ocrx_word' id='word_1_257' title='bbox 669 3682 790 3737; x_wconf 88' lang='lat' dir='ltr'><strong>muneris</strong></span> <span class='ocrx_word' id='word_1_258' title='bbox 803 3680 909 3750; x_wconf 89' lang='lat' dir='ltr'><strong>publici</strong></span> <span class='ocrx_word' id='word_1_259' title='bbox 926 3683 957 3734; x_wconf 94' lang='lat' dir='ltr'><strong>ut</strong></span> <span class='ocrx_word' id='word_1_260' title='bbox 975 3676 1094 3732; x_wconf 79' lang='lat' dir='ltr'><strong>auaritiae</strong></span> <span class='ocrx_word' id='word_1_261' title='bbox 1107 3672 1233 3745; x_wconf 82' lang='lat' dir='ltr'><strong>pellatur</strong></span> 
     </span>
     <span class='ocr_line' id='line_1_30' title="bbox 138 3775 421 3842; baseline 0.007 -15"><span class='ocrx_word' id='word_1_262' title='bbox 138 3793 148 3820; x_wconf 68' lang='lat' dir='ltr'><strong>a</strong></span> <span class='ocrx_word' id='word_1_263' title='bbox 169 3775 251 3828; x_wconf 85' lang='lat' dir='ltr'><strong>etiam</strong></span> <span class='ocrx_word' id='word_1_264' title='bbox 265 3775 393 3842; x_wconf 88' lang='lat' dir='ltr'><strong>suspicio.</strong></span> <span class='ocrx_word' id='word_1_265' title='bbox 410 3795 421 3822; x_wconf 84' lang='grc' dir='ltr'><strong><em>ν</em></strong></span> 
     </span>
    </p>

    <p class='ocr_par' dir='ltr' id='par_1_8' title="bbox 134 3856 1232 4026">
     <span class='ocr_line' id='line_1_31' title="bbox 168 3856 1232 3936; baseline -0.004 -18"><span class='ocrx_word' id='word_1_266' title='bbox 168 3867 197 3931; x_wconf 73' lang='lat' dir='ltr'><strong>(t)</strong></span> <span class='ocrx_word' id='word_1_267' title='bbox 222 3865 295 3920; x_wconf 88' lang='lat' dir='ltr'><strong>ldem</strong></span> <span class='ocrx_word' id='word_1_268' title='bbox 320 3865 465 3922; x_wconf 83' lang='lat' dir='ltr'><strong>defendere</strong></span> <span class='ocrx_word' id='word_1_269' title='bbox 485 3868 573 3922; x_wconf 92' lang='lat' dir='ltr'><strong>solent</strong></span> <span class='ocrx_word' id='word_1_270' title='bbox 593 3869 640 3936; x_wconf 90' lang='lat' dir='ltr'><strong>qui</strong></span> <span class='ocrx_word' id='word_1_271' title='bbox 664 3869 796 3921; x_wconf 78' lang='lat' dir='ltr'><strong>laconum</strong></span> <span class='ocrx_word' id='word_1_272' title='bbox 820 3867 977 3931; x_wconf 90' lang='lat' dir='ltr'><strong>corruptum</strong></span> <span class='ocrx_word' id='word_1_273' title='bbox 997 3860 1117 3929; x_wconf 80' lang='lat' dir='ltr'><strong>judicem</strong></span> <span class='ocrx_word' id='word_1_274' title='bbox 1140 3856 1232 3914; x_wconf 86' lang='lat' dir='ltr'><strong>inisse</strong></span> 
     </span>
     <span class='ocr_line' id='line_1_32' title="bbox 134 3955 1057 4026; baseline -0.005 -17"><span class='ocrx_word' id='word_1_275' title='bbox 134 3959 240 4022; x_wconf 76' lang='lat' dir='ltr'><strong>negant.</strong></span> <span class='ocrx_word' id='word_1_276' title='bbox 254 3986 286 3994; x_wconf 88' lang='lat'>-</span> <span class='ocrx_word' id='word_1_277' title='bbox 300 3957 735 4026; x_wconf 65' lang='grc'><strong>10111111111111,1111111111</strong></span> <span class='ocrx_word' id='word_1_278' title='bbox 750 3957 850 4019; x_wconf 83' lang='lat' dir='ltr'><strong>Bacon,</strong></span> <span class='ocrx_word' id='word_1_279' title='bbox 864 3968 894 4020; x_wconf 77' lang='lat' dir='ltr'><strong>p,</strong></span> <span class='ocrx_word' id='word_1_280' title='bbox 913 3955 945 4008; x_wconf 86' lang='lat' dir='ltr'><strong>ta</strong></span> <span class='ocrx_word' id='word_1_281' title='bbox 958 3956 984 4008; x_wconf 79' lang='lat' dir='ltr'><strong>et</strong></span> <span class='ocrx_word' id='word_1_282' title='bbox 996 3963 1057 4018; x_wconf 81' lang='lat' dir='ltr'><strong>sqq.</strong></span> 
     </span>
    </p>

    <p class='ocr_par' dir='ltr' id='par_1_9' title="bbox 169 4047 398 4114">
     <span class='ocr_line' id='line_1_33' title="bbox 169 4047 398 4114; baseline -0.004 -13"><span class='ocrx_word' id='word_1_283' title='bbox 169 4049 197 4109; x_wconf 55' lang='lat' dir='ltr'><strong>,at</strong></span> <span class='ocrx_word' id='word_1_284' title='bbox 217 4047 328 4114; x_wconf 67' lang='grc'><strong>111111.</strong></span> <span class='ocrx_word' id='word_1_285' title='bbox 345 4060 398 4101; x_wconf 84' lang='lat' dir='ltr'><strong>xrr.</strong></span> 
     </span>
    </p>
   </div>
   <div class='ocr_carea' id='block_1_7' title="bbox 0 0 1410 4868">
    <p class='ocr_par' dir='ltr' id='par_1_10' title="bbox 0 0 1410 4868">
     <span class='ocr_line' id='line_1_34' title="bbox 0 0 1410 4868; baseline 0 0"><span class='ocrx_word' id='word_1_286' title='bbox 0 0 1410 4868; x_wconf 95' lang='lat' dir='ltr'><strong> </strong></span> 
     </span>
    </p>
   </div>
  </div>
 </body>
</html>
