2782 4868
640 401 831 463 -198-

194 634 236 685 lx.
264 633 301 685 tu
313 631 388 699 leges
402 633 523 699 qrraedam
540 645 596 688 nnn
610 634 735 690 utilitatis
746 648 828 691 eausa
842 636 981 692 terantur.
1002 677 1142 693 .........

193 749 224 800 X.
254 749 315 809 Quae
330 748 431 814 regule
446 748 501 802 sint
515 749 549 805 de
563 749 717 818 abrogando
730 754 792 818 jure
799 787 1147 808 .....................
1222 758 1227 771 ·
1252 759 1258 770 “

604 980 690 1023 CAPUT
708 981 864 1024 SECUNDUM.

459 1159 824 1227 Quislegemierredebeat.
845 1196 1139 1217 ..................
1239 1167 1271 1218 53

192 1348 212 1398 1.
242 1349 302 1408 Quae
321 1348 376 1400 sint
396 1350 539 1415 praecipuae
559 1350 592 1403 de
616 1351 766 1405 ordinanda
789 1352 897 1405 civitate
920 1351 1147 1419 philosophorum

276 1463 650 1519 sententiae..............·
659 1502 1139 1522 .............................
1217 1471 1284 1524 ibid.

192 1580 225 1632 ii.
248 1579 315 1641 Quid
327 1579 421 1633 eadent
432 1579 466 1633 de
477 1594 506 1633 re
518 1580 657 1635 censuerit
672 1582 792 1635 Baennus
796 1618 1143 1637 .....................
1241 1588 1273 1638 56

194 1696 238 1749 111.
256 1695 522 1757 nuenrariianento
534 1697 623 1750 locum
633 1709 694 1751 esse
704 1696 821 1751 uoluerit
839 1699 867 1750 in
881 1698 983 1764 ungue
1002 1699 1084 1754 rebus
1100 1701 1149 1753 ad-

276 1811 461 1865 ministrandis
466 1847 1144 1869 .........................................
1240 1820 1272 1869 60

193 1926 229 1977 iV.
250 1924 316 1986 Quid
328 1925 361 1979 de
372 1926 471 1979 ceteris
484 1926 558 1992 regni
574 1926 695 2003 pertidus
705 1927 832 1992 regendis
847 1928 985 1982 censuerit
996 1929 1143 1982 Bannnus..
1239 1933 1272 1983 67

615 2128 702 2168 CAPUT
721 2129 851 2171 ruiturum.

461 2305 522 2366 ouis
534 2303 588 2369 tegi
600 2303 740 2370 subjectus
753 2316 814 2358 esse
825 2304 920 2360 debeat
927 2341 1136 2360 .............
1235 2312 1267 2363 du

196 2474 213 2524 1.
244 2471 380 2524 Neminem
388 2470 495 2537 legibus
506 2462 624 2525 sniutum
642 2483 703 2525 esse
716 2470 816 2526 debere
830 2505 1142 2525 ...................
1219 2473 1287 2526 ibid.

194 2587 224 2638 ΙΙ.
246 2585 353 2639 Nullum
366 2564 536 2652 privilegium
549 2599 610 2639 esse
628 2586 726 2641 debere
733 2623 1111 2641 .......................
1240 2594 1272 2646 72

195 2700 237 2756 iti⁴
252 2698 365 2764 Legibus
377 2698 495 2752 civitatis
506 2699 614 2751 nonnisi
626 2698 699 2752 eires
711 2701 771 2764 ejus
781 2700 869 2754 teneri
882 2735 1144 2755 ................
1239 2707 1271 2758 ii

611 2897 697 2940 carus
715 2900 856 2947 oriturus.

461 3079 568 3145 dejure
580 3078 714 3144 gentium.
731 3111 1143 3132 .........................
1239 3087 1271 3137 7ss

194 3269 213 3317 i.
240 3265 312 3327 Quod
325 3266 360 3319 sit
371 3265 445 3332 pacis
460 3267 505 3332 jus
512 3297 1146 3319 ......................................
1220 3268 1288 3321 inid.

194 3382 225 3433 ii.
245 3379 455 3434 Debellteausis
458 3414 1140 3435 ........................................
1237 3387 1270 3438 ut

195 3500 237 3552 iil.
249 3497 323 3561 Quod
335 3499 371 3551 sit
380 3496 446 3551 hetti
458 3497 570 3565 gerendi
585 3499 629 3564 jus
645 3531 1143 3553 ..............................
1238 3502 1268 3554 91

195 3616 230 3668 iv.
252 3614 383 3682 Quidquid
395 3613 501 3679 dejure
511 3613 632 3679 gentium
643 3611 782 3678 scripserit
798 3613 918 3668 Bacnnus
932 3614 967 3668 ad
981 3613 1147 3668 christianos

276 3728 512 3794 tantumspeetare
525 3757 1142 3780 .....................................
1242 3733 1275 3782 93

193 3840 218 3892 V.
250 3840 323 3901 Quod
333 3840 472 3916 scripserit
492 3841 611 3895 Banouns
626 3839 659 3894 de
674 3841 736 3905 jure
748 3839 869 3904 gentium
881 3853 915 3893 an
929 3852 991 3894 cum
1009 3839 1092 3893 tirotii
1114 3838 1150 3892 li-

275 3956 324 4009 bro
336 3955 452 4011 conferri
463 3957 533 4024 posit
540 3991 1141 4012 ....................................
1241 3964 1275 4012 ut

593 4211 681 4266 ninid
704 4211 874 4266 SECUNDUM.

463 4379 497 4434 lie
512 4379 622 4432 iudiciis
627 4414 1125 4435 ..............................
1245 4388 1279 4437 ‘Ji
