2782 4868
598 275 767 336 ..pg-

523 533 641 620 tlltl
668 532 841 618 llllllttl.

422 798 495 868 Quis
513 796 572 870 lepi
591 799 737 872 subjectos
755 812 813 854 esse
831 795 943 853 debeat.

76 1036 79 1041 ·
175 1018 317 1076 civitates
332 1019 405 1074 sunt
418 1017 578 1075 societates
593 1016 662 1089 jure
685 1017 882 1076 constitutas:
906 1012 1027 1076 sublato
1045 1017 1132 1091 jure,
1159 1020 1232 1092 ipse

142 1149 264 1210 quoque
284 1136 430 1196 tollantur
450 1149 574 1195 necesse
595 1139 664 1194 est:
679 1137 762 1212 jure,
778 1137 865 1211 quasi
887 1137 1061 1197 arctissimo
1085 1138 1230 1212 vinculo,

143 1259 317 1317 continetur
327 1257 479 1331 quidquid
489 1259 522 1316 in
533 1257 582 1316 bis
593 1260 658 1316 est:
671 1258 755 1330 quod
770 1258 795 1316 si
811 1257 880 1332 quis
894 1257 934 1317 ab
949 1257 1003 1317 lllo
1017 1271 1085 1318 sese
1098 1258 1232 1319 liberum

142 1377 229 1453 velit,
246 1378 331 1437 nullo
346 1378 440 1438 modo
451 1379 484 1437 in
494 1379 543 1438 bis
557 1381 658 1452 potest
671 1379 783 1440 vivere.
809 1381 918 1454 Leges,
937 1381 1043 1452 utpote
1058 1394 1128 1452 quse
1144 1381 1234 1454 aequi

145 1494 198 1553 tati
213 1496 426 1555 consentanee
441 1509 510 1555 esse
525 1495 673 1570 debeant,
687 1496 757 1555 ledi
772 1495 1000 1568 pretermittive
1013 1495 1160 1568 iniquum
1173 1498 1232 1566 est;

145 1618 249 1688 utpote
269 1630 336 1690 quae
355 1617 480 1676 utilitati
502 1618 642 1677 omnium
662 1617 846 1690 consulant,
868 1615 977 1675 inutile
997 1615 1113 1676 civitati
1129 1637 1137 1675 :
1154 1616 1235 1676 adde

146 1735 229 1808 quod
241 1735 480 1809 injustissimum
497 1737 537 1795 sit
552 1737 686 1810 aliquem
697 1736 767 1808 jure
782 1735 917 1794 solutum
932 1748 1013 1809 esse,
1028 1735 1148 1794 ceteros
1164 1747 1236 1806 erga

147 1855 288 1914 eumdem
303 1857 411 1915 teneri.
428 1860 490 1916 lloc
504 1857 598 1929 igitur
615 1858 749 1930 ponatur
762 1857 863 1930 primo
877 1855 1023 1915 homines
1037 1867 1149 1914 omnes
1162 1854 1236 1928 legi·

146 1973 205 2032 bus
219 1987 286 2034 esse
300 1974 470 2048 subjectos,
484 1976 569 2035 unde
586 1977 786 2049 consequitur
802 1975 960 2035 neminem
978 1987 1062 2048 esse,
1077 1987 1119 2032 ne
1132 1986 1236 2047 regem

147 2095 288 2171 quidem,
309 2097 361 2170 qui
382 2110 475 2170 supra
499 2110 550 2156 eas
575 2098 695 2170 positus
716 2098 772 2171 sit,
793 2110 893 2170 neque
916 2097 1013 2156 ullam
1035 2095 1154 2169 legem,
1176 2094 1238 2154 nisi

147 2218 288 2277 omnium
312 2232 423 2293 causa,
448 2219 626 2293 ferendam,
654 2219 765 2279 deinde
789 2219 947 2278 neminem
971 2219 1081 2290 preter
1105 2216 1238 2290 alicujus

148 2336 279 2397 civitatis
295 2337 377 2398 cives
392 2337 530 2411 ejusdem
545 2339 663 2412 legibus
678 2338 860 2398 adstrictum
875 2349 951 2396 esse.

185 2459 527 2518 intumescentem
552 2471 695 2519 sotoruu
719 2469 795 2517 nssn
819 2467 953 2516 onaunu.
976 2487 1008 2499 ·-
1028 2455 1095 2514 Non
1119 2451 1240 2512 insulse

149 2574 273 2647 quidem
289 2574 365 2634 dixit
377 2576 553 2636 Aristoteles
567 2576 622 2636 ubi
636 2590 701 2636 non
714 2576 797 2649 leges
808 2576 960 2649 imperent
974 2588 1039 2634 non
1054 2585 1122 2633 esse
1137 2573 1243 2634 civita·

150 2698 212 2754 tem
229 2696 281 2768 (tl.
299 2695 355 2755 Ubi
374 2697 486 2771 aliquis
505 2698 571 2771 lege
591 2697 750 2758 communi
769 2710 834 2756 nou
855 2697 922 2770 ipse
941 2695 1060 2755 tenetur
1082 2694 1112 2753 et
1132 2693 1243 2752 omnis

148 2813 249 2873 facere
264 2814 390 2874 arbitrio
406 2828 462 2875 suo
478 2816 594 2890 potest,
609 2816 738 2890 imperet
754 2827 878 2874 necesse
892 2815 956 2887 est,
971 2825 1081 2886 quum,
1091 2809 1119 2867 si
1130 2811 1245 2869 contra

150 2929 232 3001 leges
246 2929 348 3004 vivat,
362 2943 462 3003 neque
475 2943 570 3003 penes
588 2943 659 2990 eum
678 2931 771 3003 plena
790 2927 924 3003 potestas
944 2926 1004 2984 sita
1021 2924 1080 2998 sit,
1099 2936 1116 2982 e
1136 2921 1243 2982 medio

151 3050 192 3109 sit
206 3050 371 3110 tollendus.

187 3173 268 3230 Nulli
287 3175 371 3232 extra
391 3173 489 3245 legem
511 3171 612 3232 viuere
625 3171 673 3230 ias
688 3175 749 3244 est3
765 3182 858 3243 supra
872 3180 940 3227 eam
954 3165 1118 3232 standum,
1136 3163 1199 3222 nisi
1215 3163 1246 3222 ei

152 3289 306 3363 subjectus
322 3291 375 3350 sis.
391 3295 450 3351 Nec
466 3291 588 3351 defuere
608 3290 661 3363 qui
675 3302 776 3363 regem
791 3288 938 3349 humanis
955 3285 1074 3359 legibus
1090 3282 1247 3356 majorem

153 3421 219 3467 esse
243 3408 482 3481 contenderent,
505 3407 602 3480 ipsius
620 3407 733 3467 Baconl
754 3409 891 3481 tempore
906 3405 965 3480 (t),
979 3417 1037 3464 nec
1055 3403 1245 3477 absurdum,

153 3529 180 3587 si
205 3527 352 3589 divinitus
371 3528 556 3588 constitutos
577 3540 643 3586 esse
662 3542 748 3601 reges
764 3528 963 3588 credendum.
982 3524 1171 3596 Quibuscum
1187 3534 1245 3595 po-

154 3646 291 3705 testatem
316 3659 404 3705 suam
430 3646 702 3706 communicaverit
721 3649 799 3706 beus
819 3660 871 3706 eos
895 3645 1043 3705 institutis
1063 3641 1248 3714 legibusque

191 4058 221 4122 tlt
235 4057 290 4110 Pol.
305 4057 354 4112 lib.
371 4071 408 4122 rv,
420 4071 478 4125 cap.
491 4070 530 4110 ιν.

191 4149 222 4214 (t)
237 4149 331 4214 Home,
342 4161 365 4202 c.
377 4162 470 4213 xxtn,
480 4148 583 4216 aliquot
594 4147 747 4201 testimonia
756 4145 839 4200 relert
852 4145 1009 4212 twlnwood,
1027 4143 1135 4210 llaletgh
1148 4143 1243 4211 ‚tolle

156 4239 290 4308 spencert,
303 4240 449 4307 scriptores
461 4253 555 4296 omnes
567 4242 631 4295 tunc
643 4239 671 4293 in
683 4239 754 4295 idern
766 4237 939 4294 consensisse
950 4236 1124 4305 probaturos.
