2782 4868
125 109 176 180 jus
192 110 224 168 irr
240 109 396 182 publicum
407 109 621 183 privatumque
631 111 862 184 animaduertit,
872 124 970 171 unum
980 113 1064 186 quod
1074 115 1119 173 ad
1130 115 1227 175 domi-

127 228 234 300 nium,
253 227 381 285 alterum
407 225 490 298 quoi
515 226 555 285 aul
583 226 815 298 gubernandam
842 227 1064 301 rempublicam
1087 230 1224 291 attinet:

128 370 140 399 α
162 345 249 418 Quod
264 349 366 406 antem
381 347 420 406 ad
436 359 538 405 meum
560 348 706 420 tuumque
724 350 754 406 et
776 348 895 420 privata
912 348 1078 408 commoda
1095 352 1224 425 spectat,

128 488 140 518 α
160 481 225 525 non
241 467 299 526 hae
322 469 500 540 tempestate
514 467 765 540 conjungentium
782 480 893 527 censeo
909 487 917 526 ι
938 481 995 527 sua
1015 468 1104 527 enim
1122 472 1224 529 tenere

129 610 140 638 ι
162 588 268 647 amant
281 587 423 647 homines
438 600 502 645 non
517 587 605 646 aliter
619 589 709 660 atque
725 588 860 661 tenuere,
874 602 931 647 nee
949 588 1075 661 private
1088 588 1169 662 legis
1178 588 1222 649 ‹ii-

128 728 139 753 ι·
161 705 288 765 versitas
303 718 397 777 regna
407 705 546 778 sejuncta
560 719 626 764 esse
641 706 778 764 indicat:
793 720 928 780 namque
942 707 975 766 in
989 720 1053 767 uno
1067 710 1099 767 et
1113 709 1223 769 eodem

130 851 141 877 a
163 842 257 900 regno
272 828 398 888 diuersa
421 828 521 888 solent
535 842 601 887 esse
620 828 859 888 eonsuetudines
879 828 982 901 quoad
1002 818 1182 888 dominium
1194 832 1225 888 et

128 971 139 998 «ι
161 948 279 1020 privata
289 947 360 1021 jnra
370 947 423 1022 (1).
446 972 458 999 o
479 947 558 1018 Quid
572 953 664 1008 vero?
678 950 740 1007 iioe
755 948 857 1021 ipsum
872 947 944 1006 ante
961 946 1068 1006 omnia
1081 947 1225 1022 poposcit

124 1067 361 1138 parliamentum
374 1112 382 1140 ,
397 1069 432 1126 ut
445 1068 611 1138 anglorum
630 1067 748 1138 legibus
761 1067 806 1126 nti
821 1067 935 1127 vellent
954 1064 1035 1126 seott
1051 1084 1059 1124 ε
1085 1066 1174 1140 qnod
1189 1066 1224 1125 bi

124 1186 287 1257 indignum
301 1201 368 1247 sese
382 1200 448 1246 esse
459 1187 611 1260 dixerunt,
627 1185 745 1245 nullam
760 1187 881 1258 gentem
892 1183 1001 1243 alienis
1010 1183 1134 1257 legibus
1145 1183 1223 1258 juri·

125 1320 184 1379 que
198 1307 353 1367 subditam
364 1322 431 1366 esse
445 1308 506 1366 nisi
518 1320 585 1380 quae
600 1307 694 1365 armis
710 1306 825 1366 domita
834 1308 914 1364 esset
924 1303 979 1379 (Ξ).
991 1286 1132 1364 Baeonus
1141 1318 1223 1365 nun·

125 1442 217 1500 quam
237 1429 349 1489 talibm
371 1429 601 1489 conditionibus
623 1427 767 1487 sendum
783 1440 850 1487 esse
868 1425 1001 1498 censuit,
1023 1425 1094 1499 sed,
1109 1438 1223 1499 qurum,

126 1547 186 1604 nisi
198 1547 250 1620 jus
263 1548 415 1620 privatum
431 1562 552 1621 quoque
567 1547 697 1605 mixtum
712 1549 801 1621 esset,
817 1549 981 1618 utrumque
990 1556 1121 1617 regnum
1134 1545 1224 1605 nullo

126 1666 220 1724 modo
235 1680 326 1738 posse
340 1667 490 1740 conjungi
505 1666 668 1739 videretur,
686 1667 794 1725 saltem
810 1678 930 1739 aquam
944 1676 1010 1724 esse
1030 1663 1224 1737 conjunctio-

127 1797 199 1842 nem
220 1784 333 1857 voluit,
349 1786 510 1857 utriusque
532 1785 639 1858 populi
659 1785 777 1856 legibus
802 1785 834 1843 in
859 1785 980 1856 Digesta
1001 1787 1074 1844 ante
1096 1798 1225 1858 oompo·

128 1902 264 1975 sitisti).
289 1925 302 1953 α
321 1901 704 1975 Difficillimaestperfeota
722 1903 823 1974 legum
838 1903 1227 1978 conjunctio‚eolligende
1304 1930 1307 1935 ·

130 2043 141 2069 o
162 2021 247 2079 enim
257 2025 330 2081 sunt
344 2025 373 2080 ei
388 2021 621 2094 conjungenda.
635 1997 735 2080 Primo
747 2022 926 2092 colligenda
938 2025 1010 2082 sunt
1019 2023 1227 2096 prudentibus

130 2165 141 2191 «ι
162 2143 321 2215 utriusque
343 2144 457 2217 gentis,
481 2143 716 2217 faciendumque
741 2144 909 2217 digestum,
935 2159 995 2219 quo
1021 2145 1228 2219 eomprehen-

130 2284 140 2311 α
163 2263 275 2322 dantur
290 2276 386 2336 qurum
400 2263 640 2323 eonsuetudines
655 2267 685 2322 et
700 2264 726 2322 si
740 2276 886 2337 unapars
904 2263 1111 2336 singmanbus
1119 2262 1229 2325 utatur

131 2405 141 2432 n
162 2383 295 2457 legibus,
312 2386 376 2443 inm
396 2384 445 2442 lex
464 2384 638 2443 eommunis
654 2384 683 2442 et
699 2384 827 2457 statuta,
843 2386 878 2442 nt
891 2384 951 2443 ista
971 2384 1078 2444 omnia
1090 2383 1174 2443 inter
1192 2399 1229 2445 se

129 2522 141 2552 α
163 2501 295 2560 conferri
310 2505 340 2560 et
350 2501 522 2575 comparari
536 2503 664 2575 queant,
682 2501 933 2574 diversitatesque
946 2499 1115 2560 clarissime
1124 2504 1227 2574 'appa-

131 2644 142 2670 u
164 2623 260 2680 reant.
276 2621 364 2710 Queri
378 2621 486 2679 eadem
505 2620 721 2694 conjungenda
743 2621 807 2678 sint
823 2620 954 2680 multam
977 2619 1069 2680 babet
1088 2619 1227 2681 difficul-

131 2763 142 2792 u
165 2744 270 2815 tatem,
287 2755 345 2800 usu
359 2741 443 2800 enim
453 2740 600 2814 probatur
613 2742 746 2814 patrium
757 2753 875 2800 morem
885 2740 1029 2800 omnibus
1043 2739 1229 2801 bominibus

135 2880 146 2905 u
167 2859 253 2917 cordi
268 2873 334 2918 esse
345 2859 435 2933 (4)·.”

166 2981 232 3036 Non
252 2980 345 3037 semel
363 2980 494 3037 coloniis
516 2980 671 3038 consuluit
694 2984 849 3054 baconus,
872 2993 939 3053 qua
959 2980 1024 3053 jam
1037 2964 1223 3040 siizabetnae

133 3101 267 3172 tempore
292 3114 356 3158 non
381 3113 482 3171 parvae
506 3114 562 3159 nee
588 3115 691 3173 pauoae
716 3102 826 3160 deduci
854 3103 960 3174 copta
987 3104 1084 3160 erant.
1108 3101 1230 3171 Quibus

132 3222 232 3278 antem
243 3220 360 3291 legibus
373 3233 424 3277 eas
435 3221 478 3278 uti
491 3221 634 3293 praecepit
646 3223 767 3280 noster?
777 3223 911 3293 scriptor
921 3222 1048 3291 gallinas
1058 3221 1228 3280 Britanniae

166 3580 194 3641 (t)
215 3579 230 3630 i
250 3580 419 3644 preparation
435 3580 534 3632 toward
548 3580 593 3632 the
606 3581 698 3632 anion.

165 3671 194 3731 rit
215 3669 256 3720 Sir
268 3671 305 3721 W.
321 3672 400 3722 Seott,
413 3708 419 3725 ‚
433 3672 509 3735 story
526 3669 697 3724 essentiane.
714 3670 801 3723 Series
814 3669 946 3729 secunda,
964 3683 986 3720 e.
1004 3682 1044 3720 nr.

165 3761 195 3820 (3)
216 3760 234 3812 a
249 3760 345 3824 speech
358 3759 426 3813 used
437 3760 473 3825 by
489 3761 526 3813 sir
543 3762 567 3814 F.
584 3763 668 3814 Baeon
682 3761 718 3828 by
734 3762 859 3815 oeeasion
874 3761 903 3814 oi
916 3775 931 3813 a
943 3761 1045 3814 motion
1058 3758 1225 3823 eoneeming

132 3849 176 3902 tire
194 3850 279 3902 nnion
294 3850 322 3902 oi
334 3848 410 3903 lawe.

131 3936 133 3939 ’
166 3941 194 4008 n)
216 3942 317 3996 certain
331 3931 446 4008 articles,
463 3947 513 3998 ete.
