2782 4868
593 346 761 406 ..pp-

146 522 158 547 «
179 500 215 556 Ut
231 500 355 556 moneat
375 496 468 567 igitur
484 495 618 568 oportet,
636 495 815 568 priusquam
829 496 929 554 leriat.
941 497 1039 556 Etiam
1052 497 1140 557 illud
1159 505 1244 560 recle
1332 464 1334 547 f

147 639 159 667 ι
179 618 314 691 positum
327 618 374 675 est
389 615 540 690 optimam
555 629 622 673 osse
640 616 820 689 legemque
841 616 1007 676 minimum
1021 617 1177 692 relinquit
1191 634 1242 681 ar·

146 757 160 789 «
178 737 271 796 bitrio
282 737 396 811 judicis
411 757 419 793 ι
434 736 468 795 id
480 736 564 810 qnod
579 737 729 796 certitudo
743 738 810 809 ejus
825 740 949 811 prostat
960 738 1014 809 (t).
1031 761 1046 789 .

180 857 361 929 linasigitnr
374 854 537 928 dignitates
551 869 601 928 ea,
622 870 691 930 quor
711 870 797 916 nunc
810 858 921 934 agitur,
938 858 1076 930 dignitas
1092 861 1243 935 includit,

145 980 261 1040 scillcet
272 982 308 1039 ut
325 980 402 1053 quid
421 980 460 1039 de
473 993 660 1055 unoquoque
678 993 752 1038 casn
762 979 835 1038 velit
850 980 899 1039 lex
919 994 1014 1053 qnam
1027 981 1164 1042 minime
1183 983 1241 1042 dn·

145 1103 232 1162 bium
246 1103 301 1176 sit,
316 1103 442 1162 arbitrio
452 1116 525 1162 vero
536 1101 651 1175 judicis
660 1115 754 1175 quom
766 1102 933 1161 minimum
946 1101 1153 1175 relinqnamr.

185 1241 197 1269 ι
218 1221 333 1294 Duplex
354 1221 458 1292 legum
480 1221 691 1280 incertitudo:
712 1221 809 1279 attero
830 1219 884 1279 ulii
909 1220 958 1279 lor
981 1220 1070 1281 nulla
1091 1222 1237 1293 prmscri-

150 1363 162 1391 α
182 1340 283 1413 bitom
298 1342 409 1412 attera,
423 1341 477 1400 ubi
491 1341 635 1414 ambigua
648 1343 678 1399 et
693 1341 824 1401 obscura
839 1339 892 1414 (2).
914 1323 937 1391 ι’

183 1465 211 1518 1.
230 1467 274 1517 De
293 1461 409 1518 caribus
427 1463 542 1518 omkrte
558 1477 579 1517 a
595 1460 680 1533 lepe:
701 1483 713 1511 ι
730 1460 879 1532 Angusta
901 1459 1072 1534 prudentie
1092 1459 1241 1519 humano}

151 1606 163 1632 α
184 1596 275 1642 casus
291 1595 401 1642 omnes
411 1597 490 1657 quos
501 1585 622 1657 tempus
637 1583 825 1656 reporitnon
834 1584 935 1656 potest
948 1595 1069 1655 capere.
1087 1584 1158 1641 lton
1174 1596 1245 1643 raro

150 1723 162 1752 α
183 1701 286 1776 itaque
300 1716 334 1762 se
347 1703 516 1763 ostendunt
528 1701 736 1775 casusfomissi
751 1707 782 1763 et
794 1702 866 1762 nori
882 1701 938 1776 (3).
955 1724 968 1753 ι
984 1705 1021 1760 ln
1034 1700 1148 1774 onibus
1157 1703 1243 1774 quod

149 1824 190 1881 sit
207 1823 345 1883 officium
359 1825 474 1896 judicis
495 1824 638 1898 protinus
655 1823 765 1895 querit
784 1826 938 1896 Baconus,
953 1821 1038 1881 intra
1050 1821 1241 1882 videbimus.

184 1945 243 2001 Lex
256 1944 358 2002 autem
371 1942 458 2001 nullo
473 1945 519 2001 est
533 1942 573 2000 ds
587 1955 661 2001 casn
675 1941 829 2014 quodam,
845 1941 910 1999 sive
924 1941 982 1999 iste
996 1940 1133 2000 omissus
1146 1941 1242 1998 estin

150 2064 215 2136 lego
229 2064 294 2124 sive
308 2069 468 2137 portame
482 2063 525 2136 (t)
541 2063 597 2121 est.

186 2182 244 2252 Qui
264 2182 364 2241 omitti
384 2182 483 2255 possit
495 2181 579 2241 haud
594 2195 674 2253 aegre
688 2180 879 2251 intelligitur.
894 2182 981 2239 llnnc
996 2179 1098 2252 enim,
1112 2192 1243 2239 enume-

151 2303 224 2363 ratis
246 2305 281 2363 in
304 2306 371 2378 lege
395 2305 536 2378 casibus,
561 2317 644 2364 nnus
670 2302 896 2376 praetermissus
920 2305 986 2373 est3
1012 2313 1118 2373 nnnc,
1144 2314 1245 2372 quum

150 2435 247 2496 ponus
265 2425 423 2499 quoddam
443 2440 546 2485 rernm
566 2426 758 2487 factorumve
770 2425 820 2483 lex
834 2423 1043 2497 amplectitur,
1062 2422 1168 2482 verbis
1184 2436 1246 2482 usn

151 2545 198 2601 est
219 2543 313 2601 nimis
332 2545 482 2614 ongrrstis.
504 2544 724 2615 tegumtotorts
745 2547 791 2602 est
808 2545 974 2618 utrumqne
992 2543 1104 2602 vitium
1121 2542 1243 2615 lugere.

152 2663 258 2721 Utrum
271 2676 361 2722 casus
376 2663 516 2735 singulos
529 2677 710 2725 enumerare
726 2664 834 2725 debeat
846 2679 887 2724 an
898 2679 1006 2724 omnes
1014 2677 1079 2723 una
1088 2665 1247 2726 sententia

152 2785 430 2860 comprehendere,
444 2785 592 2859 exceptis,
608 2786 636 2845 sl
655 2784 708 2859 q'ui
725 2788 810 2845 extra
831 2784 978 2859 placitum
991 2789 1157 2857 maneant,
1173 2799 1243 2845 uon

153 2906 253 2976 potest
273 2905 410 2977 decerni,
431 2905 493 2963 nisi
509 2907 614 2965 utrum
632 2907 736 2977 plures
756 2920 846 2966 casus
863 2906 930 2978 lege
945 2908 1092 2978 rogantur
1105 2919 1145 2965 an
1161 2907 1243 2966 oroi-

153 3024 258 3096 piendi
273 3025 336 3083 sint
350 3025 486 3084 sciveris,

189 3147 289 3204 Nouos
304 3148 406 3205 autem
422 3159 511 3204 casus
532 3145 665 3207 omissos
686 3145 783 3204 inisse
802 3144 881 3206 nulli
901 3145 1026 3218 querela
1045 3156 1113 3205 esse
1129 3144 1243 3216 potest.

153 3265 293 3322 Attamen
309 3266 339 3321 et
351 3264 397 3321 illi
410 3265 604 3336 legumlatori
621 3264 832 3338 prospiciendi
847 3266 934 3338 sunt,
952 3264 993 3334 si,
1009 3261 1076 3334 lego
1096 3263 1172 3334 lata,
1190 3276 1246 3323 cos

154 3383 313 3441 secuturos
327 3397 394 3442 esse
409 3389 563 3458 apparent.

189 3505 216 3559 l.
237 3507 280 3559 De
304 3503 479 3562 obscuritate
504 3504 601 3578 lequm
627 3505 680 3580 (t).
704 3529 715 3557 o
739 3507 914 3567 Obscuritas
939 3507 1041 3578 legum
1067 3519 1087 3565 a
1111 3505 1243 3578 quatuor

189 3970 219 4030 (ll
240 3969 291 4035 ll).y
303 3985 363 4023 vm.

189 4061 220 4120 (ll
239 4059 276 4110 lb.
294 4075 331 4112 rx.

188 4151 218 4213 (3)
240 4151 277 4202 lb.
297 4165 326 4203 x.

187 4240 215 4303 tl)
236 4238 273 4291 lb.
295 4252 343 4292 xx.

189 4330 218 4395 (5)
238 4329 275 4385 lb.
295 4344 341 4384 nu.
