2782 4868
603 314 772 374 -50..

181 473 271 535 truita
286 469 484 531 aiustiniano
499 470 673 529 mutuatum
687 480 753 526 esse
768 469 921 527 Baconum
937 466 1025 527 facile
1041 468 1245 545 intelligitur,

146 594 314 668 presertim
327 593 410 666 quod
432 591 471 650 ad
489 589 622 664 priorem
641 591 760 663 partem
779 589 908 662 attinet,
927 602 985 649 noe
1001 589 1069 662 ipse
1082 594 1244 664 mranmm

144 717 172 774 ei
187 714 326 775 debuerit
343 713 435 784 celat,
450 711 561 770 iisdem
583 710 763 769 nominibus
779 723 867 770 usus.

182 836 265 895 Adde
289 834 372 907 quod
396 836 533 892 baconus
556 831 774 890 existimaverit
792 830 917 902 digestis
938 831 1041 903 legum
1063 832 1243 893 condendis

147 969 241 1030 quam
257 953 554 1027 opportunissimum
568 964 634 1010 esse
649 953 787 1024 tempus,
799 951 853 1024 oui
869 964 949 1025 sape
963 951 1070 1011 multis
1090 951 1242 1013 laudibus

151 1103 272 1160 aetatem
294 1110 383 1156 suam
401 1096 546 1170 evexerit,
562 1109 658 1170 quum
679 1109 767 1169 paee,
783 1099 850 1155 tum
864 1096 980 1154 artibus
993 1093 1168 1169 litterisque
1182 1094 1240 1154 iio·

150 1218 356 1278 rectissimam
377 1229 445 1275 eam
471 1215 598 1290 dixerit,
625 1216 772 1276 iacobum
791 1216 894 1289 ipsum
916 1216 970 1276 tali
988 1216 1111 1289 incepto
1136 1217 1243 1276 farere

150 1355 225 1400 sane
240 1340 403 1399 arbitratus
418 1339 472 1413 sit,
489 1338 654 1397 salomona
668 1336 808 1396 alierum.

185 1464 271 1520 Nunc
286 1462 387 1520 autem
402 1459 587 1532 abiiciuntur
601 1457 721 1530 bigesta
734 1458 763 1515 et
775 1456 863 1530 libri,
883 1456 936 1530 qui
951 1456 1030 1515 nibil
1044 1455 1130 1515 aliud
1144 1470 1241 1530 quam

150 1581 232 1652 leges
242 1579 370 1637 diversis
385 1577 574 1650 temporibus
588 1576 665 1634 latas
684 1576 853 1634 continent.
869 1578 912 1634 Ea
931 1589 991 1648 quo
1011 1576 1094 1648 apud
1109 1590 1170 1635 nos
1184 1581 1238 1638 co·

151 1699 324 1771 derlegum
342 1698 550 1770 scriptumest,
571 1697 683 1769 jusque
711 1697 840 1754 omnino
860 1709 975 1755 novum
996 1700 1042 1754 est
1064 1697 1239 1775 conditum,

150 1815 184 1874 in
199 1829 260 1888 quo
273 1816 371 1873 mulia
386 1827 464 1872 sane
479 1815 583 1873 vetera
601 1815 824 1888 retenta‘sunt,
845 1814 914 1886 ipsa
931 1827 1005 1874 vero
1023 1815 1239 1891 recentiorem,

151 1938 186 1994 ut
199 1936 242 1994 ita
255 1935 356 1993 dicam
366 1979 374 2008 ,
384 1937 500 1994 uestem
515 1934 643 1993 induere
658 1937 781 2008 coacta,
797 1935 913 1994 similes
927 1935 1040 2008 ubique
1058 1939 1112 1995 aut
1132 1937 1241 2012 scripti

151 2057 224 2112 sunt
243 2056 296 2113 aut
320 2054 523 2126 reposcuntur
546 2051 680 2111 codices.
703 2052 823 2111 Etenim
848 2052 927 2110 nibil
950 2052 1137 2128 simplicius,
1160 2054 1243 2114 nihii
1304 2028 1306 2033 ¹

152 2173 346 2233 commodius
361 2184 426 2231 esse
442 2174 553 2246 potest.
573 2174 609 2230 At
621 2172 703 2245 leges
718 2184 826 2231 omnes
849 2172 1009 2234 deleantur
1028 2185 1155 2232 necesse
1172 2176 1240 2232 est:

152 2306 240 2355 nova
264 2306 312 2353 res
335 2294 484 2353 faciendae
506 2295 594 2367 sunt3
612 2293 657 2351 nii
675 2293 768 2364 igitur
781 2293 917 2368 mirum,
933 2294 959 2352 si
974 2297 1127 2369 baconus,
1144 2308 1243 2368 quum

151 2412 269 2471 codicis
280 2412 349 2470 talis
364 2412 505 2482 cogitatio
521 2411 550 2470 ei
566 2413 599 2469 in
615 2415 749 2470 mentem
764 2410 920 2485 inciderit,
935 2410 1051 2482 digesta
1065 2422 1243 2485 praeposue·

153 2529 202 2586 rit.
213 2532 275 2589 Hoc
289 2528 373 2587 euim
384 2528 443 2586 sibi
454 2528 606 2600 objectum
621 2541 687 2587 esse
697 2528 801 2602 tingit,
812 2529 896 2601 quod
911 2530 1006 2588 satius
1022 2530 1062 2589 sit
1075 2544 1245 2591 commune

152 2651 266 2722 anglie
278 2649 330 2724 jus
346 2649 385 2708 ad
395 2650 497 2721 legum
506 2644 635 2709 modum
646 2651 765 2725 reduci,
781 2653 964 2712 statutorum
973 2664 1059 2712 more
1069 2697 1076 2728 ,
1088 2655 1118 2712 et
1131 2654 1246 2713 ordine

153 2771 298 2843 componi
316 2790 323 2829 :
339 2770 533 2830 illudentem
551 2785 643 2844 opus.
658 2773 692 2830 ui
707 2773 886 2832 diuturnum
901 2776 931 2832 ct
949 2773 1177 2848 periculosum,
1194 2786 1243 2833 re·

151 2892 228 2965 jioit.
245 2893 323 2964 ipsis
338 2905 460 2964 quoque
476 2893 601 2964 digestis
616 2894 793 2966 exprobrari
812 2909 903 2968 posse
924 2895 1036 2955 fatetur
1057 2896 1141 2968 quod
1166 2897 1245 2956 binc

153 3023 241 3070 norae
257 3025 305 3071 res
321 3013 467 3084 ingruant
484 3033 494 3070 :-
507 3013 673 3086 respondet
684 3014 735 3087 jus
750 3014 852 3087 potius
874 3015 1012 3073 ordinari
1036 3017 1066 3073 et
1083 3012 1246 3087 explanari

153 3145 247 3204 quam
270 3133 383 3192 mutari
407 3137 436 3192 et
457 3133 644 3193 decemviros
668 3138 841 3207 RomanoS,
866 3135 1002 3194 serviros
1023 3134 1244 3210 AthenienseS,

153 3249 378 3322 iustinianum,
403 3252 591 3311 Ludovioum
605 3255 639 3311 XI
653 3297 660 3324 ,
676 3266 776 3324 regem
790 3252 909 3325 Galiiae,
926 3254 1073 3325 tanquam
1089 3255 1244 3324 auctores,

155 3367 237 3424 citat.

191 3487 319 3558 insuper
332 3500 351 3544 a
366 3500 434 3556 rege
450 3488 524 3560 petit
539 3491 676 3548 Bacurius
690 3491 725 3547 ut
745 3489 917 3560 deligantur
942 3489 1059 3562 aliquot
1072 3500 1178 3559 graves
1194 3502 1244 3548 sa-

155 3607 247 3678 nique
262 3608 428 3678 prudentes
442 3609 500 3680 (t),
520 3609 573 3680 qui
597 3607 714 3680 digesta
736 3610 838 3679 legum
862 3610 1060 3681 infuturum,
1077 3609 1170 3680 prout
1186 3623 1243 3680 po·
1275 3684 1278 3691 Ι

155 3727 287 3798 poscerit
302 3728 602 3800 tempus,corr1·gant
616 3731 645 3786 et
659 3729 692 3786 in
707 3729 818 3787 melius
832 3730 1004 3803 provehant
1014 3730 1076 3804 jus.
1092 3734 1189 3803 supra
1204 3730 1246 3788 dc

155 3846 334 3917 magistratu
347 3849 406 3908 isto
420 3848 515 3907 locuti
534 3862 650 3907 eumue.
660 3848 779 3919 digesta
794 3852 823 3906 et
837 3849 960 3910 codices
971 3865 1035 3914 non
1049 3851 1082 3910 in
1094 3853 1243 3911 aternum

194 4283 224 4346 (it
247 4304 256 4329 a
277 4283 343 4337 With
357 4285 608 4344 somehononrablo
622 4289 736 4356 stipend.
755 4309 765 4337 o
