2782 4868
601 331 837 406 —tos—-⁸

184 499 252 559 Nou
268 499 340 557 hinc
354 497 575 556 aoestnomoni
588 500 667 570 iuris
683 499 875 558 memoriast
890 499 1019 556 imitatio
1038 517 1044 555 ι
1066 511 1147 557 uuus
1157 500 1238 558 enirn

148 637 187 680 eu
197 620 293 680 titulis
307 619 497 691 Digestorum
512 618 549 676 de
564 618 729 678 vorborum
743 618 968 691 significatione
984 621 1065 677 totus
1076 622 1121 677 est
1136 618 1190 694 (i).
1206 624 1240 676 in

148 751 212 812 quo
233 751 297 798 non
321 749 357 794 cr
370 735 542 794 litterarum
562 735 672 795 ordine
687 735 820 794 definite
836 737 909 795 sunt
927 749 1036 810 voces3
1052 737 1121 808 quis
1140 740 1241 795 autern

149 854 230 914 ordo
244 854 285 912 sit
299 853 438 912 servams
451 867 559 912 omncs
578 854 667 912 follit.
683 854 803 912 Nullam
823 855 915 914 aliam
934 855 1029 912 fuisse
1049 867 1174 914 causam
1189 866 1242 912 cur

150 972 342 1032 Verulamius
366 984 487 1045 quoque
518 972 689 1030 litterarum
714 971 856 1031 ordinem
881 972 1066 1031 servandum
1089 973 1243 1052 negaverit
1294 1052 1296 1055 Ι

150 1104 232 1152 reor.
255 1091 331 1161 Quid
352 1089 436 1148 enim
456 1091 502 1148 est
524 1089 762 1149 commentarius
784 1092 822 1148 de
840 1091 999 1150 vocabulis
1018 1091 1118 1164 juris?
1137 1094 1244 1151 Nonne

151 1211 292 1269 utilitatis
307 1222 399 1268 causa
415 1210 612 1269 scribendus?
632 1210 708 1280 Quid
725 1213 826 1269 sutem
841 1211 948 1269 utilius
965 1225 1059 1284 quom
1074 1212 1243 1271 litterarum

149 1330 249 1390 ordo?
270 1331 377 1388 Nonne
400 1329 506 1388 eadem
527 1330 621 1389 verba
641 1330 676 1387 in
700 1330 806 1388 multis
824 1330 904 1402 juris
927 1331 1063 1402 pertibus
1084 1332 1244 1390 obtinent?

151 1453 230 1509 Num
246 1464 283 1508 ex
297 1463 361 1508 unu
376 1449 416 1508 ad
430 1449 557 1509 alteram
579 1450 763 1507 currendum
787 1449 865 1507 erit?
883 1449 965 1507 Adde
980 1450 1063 1522 quod
1085 1463 1165 1522 saepe
1183 1464 1247 1508 una

152 1585 214 1631 vox
229 1570 389 1629 nunidem
404 1570 493 1628 sonet
507 1569 540 1626 in
550 1568 671 1628 duabus
681 1568 819 1640 partious
830 1571 882 1626 unt
892 1569 925 1625 in
939 1568 1078 1640 pluribus
1088 1587 1095 1642 ;
1107 1570 1245 1640 exemplo

154 1690 195 1748 sit
204 1693 257 1761 jus
270 1687 452 1746 accrescendi
471 1687 618 1747 Romanis
631 1687 664 1745 in
682 1686 811 1757 legibus.
827 1687 971 1745 Omnium
986 1687 1246 1758 significationum

150 1809 265 1869 eodem
278 1807 347 1866 loco
362 1806 503 1866 facienda
517 1807 646 1865 mentio.
755 1850 757 1854 .

190 1929 227 1985 ut
237 1940 347 2001 parum
360 1926 452 1984 refert
459 1926 552 1999 ordo;
572 1939 611 1983 ne
621 1925 822 1998 ipseouidem
833 1928 1072 1986 commentarius
1083 1927 1173 1986 nobis
1183 1928 1244 1999 pla-

152 2046 213 2104 cet.
221 2044 297 2114 Quid
307 2042 435 2117 enim,si
450 2041 545 2100 semel
556 2040 707 2100 sensusiu
718 2041 783 2113 lege
791 2044 931 2115 sumptus
946 2042 985 2101 sit
995 2040 1167 2102 definitioni
1174 2057 1245 2101 cou-

154 2162 290 2222 trarius?
306 2162 380 2232 quot
394 2159 467 2216 inde
482 2157 657 2216 coorientur
675 2157 763 2216 lites?
776 2161 813 2216 At
827 2159 860 2216 in
876 2158 944 2216 foro
958 2158 1072 2217 librum
1093 2159 1146 2232 qui
1161 2173 1246 2216 nunc

154 2283 255 2356 agitur
269 2294 335 2340 non
349 2280 451 2339 valere
470 2280 607 2338 concedo
625 2294 632 2332 :
654 2293 730 2338 num
745 2279 778 2336 in
795 2279 901 2337 schola
915 2271 986 2336 curn
1001 2256 1086 2351 scuni
1101 2281 1248 2348 cogentur

154 2402 380 2476 preceptores?
391 2412 456 2457 non
465 2398 555 2479 enim
562 2398 777 2470 quodcumque
794 2397 939 2467 erlegum
952 2397 1048 2454 latore
1062 2395 1147 2454 venit
1161 2395 1199 2454 ab
1209 2395 1247 2453 iis

157 2523 245 2594 tangi
260 2522 307 2581 fas
322 2523 378 2579 est.
395 2509 576 2592 Plerumque
597 2517 803 2592 definitiones,
820 2519 853 2575 in
867 2517 1127 2590 legibusinsertae‚
1142 2530 1245 2577 evoro

157 2642 252 2704 sensu
263 2643 440 2715 abhorrent,
451 2654 526 2701 sone
536 2640 609 2713 utria
618 2640 870 2699 noneorumdem
881 2643 926 2698 est
938 2639 989 2712 jus
1004 2640 1136 2698 condere
1148 2645 1178 2699 et
1192 2640 1243 2698 do-

152 2778 234 2826 cere.
244 2765 388 2838 Exemplo
397 2765 439 2823 sit
448 2765 481 2823 in
495 2764 565 2836 lege
575 2765 683 2823 nostro
696 2764 781 2823 vocis
795 2762 918 2820 mobilia
929 2762 1078 2835 definitio,
1088 2776 1182 2836 quoru
1191 2777 1244 2821 ne-

154 2887 259 2960 quein
268 2886 352 2959 foro,
368 2898 468 2957 neque
485 2885 519 2942 in
534 2884 641 2943 schole
655 2884 793 2942 obtinere
804 2883 914 2940 dehere
928 2895 1035 2940 omnes
1050 2881 1244 2940 confitentur.

193 3006 272 3076 Quid
286 3005 397 3078 igitur?
411 3007 489 3062 Num
504 3004 648 3064 tollendae
663 3003 793 3062 omniuo
806 3001 1020 3061 definitiones?
1034 3000 1122 3060 Nullo
1141 3002 1244 3075 modo,

155 3133 191 3187 ut
216 3140 295 3199 reor,
312 3125 367 3186 sed
389 3125 463 3183 satis
482 3136 548 3182 esse
567 3123 699 3195 videtur,
715 3122 740 3179 si
761 3089 852 3194 prout
877 3134 925 3178 res
948 3120 1098 3192 reposcit,
1118 3119 1244 3179 verbum

155 3245 300 3322 otrodque
319 3245 474 3309 definitur.
494 3244 579 3313 Quod
594 3243 620 3302 si
636 3256 734 3301 uuum
748 3243 853 3314 plures
867 3254 976 3300 sensus
997 3239 1145 3314 includet,
1162 3240 1243 3312 quis-

156 3369 395 3443 queexponaiur
408 3365 462 3424 uhi
472 3377 549 3438 opus
562 3363 613 3422 sit.
629 3364 681 3422 Sin
697 3363 812 3434 minus,
830 3375 925 3436 quum
941 3359 1128 3420 definiantur
1141 3359 1244 3431 rerba,

155 3504 214 3549 nec
231 3490 311 3562 ipses
325 3502 373 3548 res
395 3489 599 3560 exponantur,
626 3485 706 3543 nihil
721 3499 787 3544 esse
810 3485 941 3558 possunt
956 3482 1168 3554 definitiones,
1185 3480 1244 3537 nisi

155 3612 267 3671 inanes
278 3610 358 3682 soni,
372 3605 801 3677 memoriamonerauipotins
816 3617 908 3677 quarn
917 3602 1069 3675 iudicium
1085 3600 1243 3672 adjuvent,

154 3729 232 3802 juris
247 3727 349 3787 studio
363 3729 476 3786 nocent
490 3725 591 3797 potius
606 3737 699 3797 quiam
713 3725 853 3796 prosunt.

192 3851 220 3906 3.
240 3853 284 3904 lie
296 3845 417 3919 Repulit
430 3847 525 3902 iores.
542 3877 573 3884 -
592 3866 603 3894 o
625 3856 741 3902 uxrxrr.
762 3843 805 3900 Ad
826 3841 1040 3901 certitudinem
1054 3841 1156 3911 legum
1172 3838 1244 3896 facit

160 3992 171 4016 «ι
191 3965 231 4039 (si
247 3964 322 4038 quid
337 3962 433 4036 aliud)
451 3964 595 4022 tractatus
610 3962 711 4020 honus
731 3964 760 4018 et
780 3961 910 4032 diligens
933 3960 969 4018 de
987 3959 1115 4019 diversis
1133 3957 1244 4028 regulis

196 4337 227 4400 to
248 4336 304 4389 uro.
326 4349 354 4401 ι,
369 4335 412 4388 ut.
432 4334 474 4387 ro.
