2782 4868
601 374 791 437 —lal-

148 525 254 584 turum
268 537 333 584 esse
349 539 385 584 er
399 526 508 585 litteris
523 525 741 602 denizationis,
756 526 888 588 nimium
907 524 941 584 in
959 527 1067 600 hngha
1081 529 1238 590 scotorum

148 647 217 707 iore
231 659 409 720 numerum,
425 646 506 717 leges
520 644 633 719 Angliae
648 647 776 706 nonnisi
797 647 831 704 in
846 647 955 719 anglia
967 647 1031 708 vim
1046 648 1172 722 hahere;
1189 649 1240 708 hic

149 767 267 842 legem,
284 766 344 826 nisi
364 766 523 842 personis,
540 767 631 827 rehus
646 770 727 828 certe
739 770 842 828 favere
861 782 952 841 posse
971 770 1146 855 contendit,
1161 770 1241 829 nihil

149 889 253 946 autem
269 887 391 959 dignius
407 901 473 947 esse
493 888 543 946 cui
556 888 658 948 faveat
676 889 725 947 lex
739 903 833 962 quam
848 860 1121 949 communicationi
1135 890 1240 950 cirita·

150 1008 202 1067 tis.
219 1008 353 1066 Tandem
367 1010 449 1068 vetat
463 1008 610 1080 distingui
625 1023 728 1081 regem
743 1023 763 1068 a
781 1023 910 1084 corona,
930 1023 970 1067 ne
985 1010 1065 1069 hane
1083 1009 1129 1068 illi
1145 1010 1242 1068 adimi

149 1143 242 1204 posse
257 1129 330 1188 inde
344 1129 515 1200 colligatur.
534 1130 588 1188 liic
599 1129 692 1188 etiam
702 1130 844 1188 notemus
860 1142 954 1202 quam
965 1128 1242 1187 lihenterexcausa

150 1250 191 1308 ad
215 1250 384 1324 rationem,
401 1250 441 1308 ad
460 1249 689 1323 philosophiam
703 1250 849 1323 procedat
869 1265 877 1303 z
896 1249 935 1307 de
958 1249 1064 1309 farore
1082 1248 1158 1320 legis
1170 1260 1242 1307 vere

149 1368 401 1443 philosophicum
420 1381 597 1427 sermonem
615 1368 737 1442 habuit3
759 1367 798 1426 de
813 1367 1093 1427 communicatione
1111 1365 1242 1426 civitatis

148 1487 316 1561 loquendo,
330 1487 380 1560 jus
394 1488 533 1560 gentium
543 1489 642 1547 totum
652 1487 827 1560 descripsit3
844 1487 938 1546 nullis
952 1478 1036 1546 a'nim
1051 1485 1242 1558 exoperibus

150 1608 264 1668 Baconi
277 1607 363 1666 abuit
376 1607 584 1680 philosophia,
597 1606 652 1665 sed
666 1607 699 1664 in
710 1606 854 1665 omnihus
869 1605 1004 1678 primum
1018 1606 1121 1664 locum
1131 1604 1241 1679 tonuit,

149 1724 586 1799 atraeroiooaosopotootoeol
1141 1718 1148 1722 ’

185 1845 267 1904 Nihil
281 1846 473 1906 confirmatio
488 1845 581 1905 hahet
596 1846 628 1903 in
648 1860 709 1919 quo
726 1846 766 1904 sit
780 1846 1020 1905 immorandum.

186 1933 363 2024 Secundum
377 1977 478 2036 regem
493 1967 709 2038 Baconumque
723 1931 763 2023 01
776 1964 896 2023 domini
911 1966 941 2022 et
957 1963 1157 2023 cancellarius
1171 1977 1239 2023 sen-

153 2085 280 2143 tentiam
291 2083 396 2143 tulere.
1157 2160 1159 2164 ι

187 2211 216 2266 3.
235 2209 337 2266 Restat
361 2206 458 2267 oratio
481 2210 589 2266 contra
609 2207 746 2266 duellum
769 2207 824 2280 (l).
846 2210 881 2265 ln
903 2206 1045 2279 exordio,
1068 2207 1182 2265 veritus
1203 2210 1244 2268 mh

153 2342 247 2389 eausa
264 2327 335 2387 vilis
355 2341 421 2387 esse
440 2328 604 2402 videretur,
620 2332 759 2387 Baoonus
780 2327 923 2385 homines
944 2326 1069 2398 quidem
1087 2326 1162 2385 viles
1176 2339 1243 2384 esse

153 2451 313 2510 confessus
327 2455 390 2525 est,
414 2473 427 2501 ι
446 2464 546 2523 neque
561 2451 676 2510 frustra
689 2449 856 2521 aliquando
876 2449 910 2506 in
930 2447 1087 2520 republica
1105 2447 1243 2506 minores

155 2592 167 2622 r
188 2571 370 2644 puniuntur,
378 2575 414 2630 ut
423 2571 556 2641 grandes
566 2571 752 2629 moneantur
762 2589 770 2628 :
780 2569 858 2629 solet
872 2569 956 2628 enim
965 2569 996 2628 et
1006 2569 1092 2627 canis
1102 2569 1136 2628 in
1145 2568 1244 2630 leonis

156 2713 170 2741 κ
190 2690 335 2764 vapulare
349 2692 527 2764 conspectu.
545 2713 557 2743 l
574 2694 642 2751 Nou
657 2694 702 2750 est
717 2691 877 2766 popularis
891 2690 943 2749 1110
954 2672 1065 2749 sermo.
1081 2693 1155 2749 Rem
1172 2701 1245 2749 1010

154 2825 301 2883 magnam
316 2825 399 2870 essse
414 2811 558 2885 affirmat,
577 2816 638 2870 -nt
651 2811 745 2884 hujus
762 2811 903 2884 specialis
919 2823 1018 2869 causa
1033 2809 1181 2880 exiguitas
1194 2821 1245 2880 ge-

158 2950 170 2979 o
191 2929 289 2988 nerali
305 2929 445 2988 criminis
459 2929 549 2988 istius
563 2929 800 3003 pertractatione
815 2928 1004 3001 suppleatur,
1019 2939 1090 2985 eum
1105 2926 1139 2983 in
1153 2924 1247 2984 tinem

158 3071 170 3100 1
189 3051 225 3109 ut
239 3064 308 3110 mea
324 3050 471 3111 adversus
485 3051 589 3110 duella
602 3049 790 3123 procedendi
805 3048 937 3108 intentio
948 3050 978 3107 et
994 3047 1054 3106 fori
1069 3047 1162 3119 hujus
1176 3059 1244 3104 sen·

159 3191 171 3220 o
192 3169 288 3229 tentia
303 3168 965 3243 (0100110010030011111010011000100001,
981 3169 1071 3240 atque
1085 3167 1137 3226 hic
1151 3167 1246 3228 olien-

159 3311 173 3340 «
193 3286 300 3348 dentes
317 3289 418 3348 sciant
430 3289 506 3363 quid
517 3288 577 3347 sihi
592 3289 633 3348 sit
647 3288 861 3348 metuendum.
872 3329 897 3343 ..
911 3288 1094 3360 Priusquam
1108 3287 1200 3359 igitur
1211 3299 1249 3346 00

159 3433 173 3462 α
192 3425 259 3484 qua
281 3425 300 3469 a
319 3411 586 3472 nominationibus
602 3411 712 3469 vestris
733 3410 767 3468 in
789 3409 1022 3483 presentiarum
1043 3410 1116 3468 sunt
1135 3407 1246 3480 dijudi-

159 3550 173 3578 α
192 3528 293 3588 canda
306 3528 477 3603 aggrediar,
493 3529 579 3589 hand
595 3527 845 3601 intempestivum
862 3526 942 3586 duco
957 3526 1058 3599 loqui:
1076 3525 1193 3598 primo,
1210 3523 1249 3581 de

159 3668 171 3698 s
192 3650 302 3708 natura
317 3651 347 3708 01
364 3650 580 3722 magnitudine
600 3649 739 3709 oriminis
754 3648 864 3721 hujus,
880 3645 1036 3719 secundo,
1052 3642 1205 3702 decausis
1220 3645 1250 3701 01

160 3790 172 3819 o
193 3769 353 3842 remediis3
371 3770 471 3842 tertio,
487 3769 525 3827 de
538 3769 641 3841 logum
656 3768 888 3839 anglicanarum
900 3765 1030 3838 justitia,
1046 3775 1122 3836 quas
1137 3761 1197 3821 hoo
1215 3761 1249 3820 in

160 3901 267 3947 «casu
291 3887 514 3949 insufficientes
534 3889 635 3948 dicere
656 3902 721 3946 non
743 3888 888 3948 verentur
913 3884 1026 3958 aliqui3
1054 3884 1182 3956 quarto,
1210 3880 1249 3938 de

195 4258 226 4322 (1)
246 4258 333 4313 Oratio
347 4259 480 4313 Francisoi
494 4259 607 4326 Baconi,
621 4251 896 4321 attornati-generarit
915 4253 1005 4319 liegii,
1027 4215 1080 4318 oua
1098 4250 1126 4302 in
1145 4250 1253 4303 camera

159 4349 265 4404 stellata
276 4352 443 4406 accusaverit
453 4352 585 4406 Prieslnm
597 4353 624 4406 et
635 4349 783 4415 Wrightnrn
795 4346 887 4403 duello
900 4345 1077 4400 decertantes,
