2782 4868
597 348 785 408 —iot-

183 533 327 595 censoria
345 530 447 590 autem
464 539 531 601 quc
549 525 693 585 dicuntur
709 539 728 585 o
743 526 849 586 nostro
864 537 994 586 munera
1008 528 1140 591 omnino
1156 545 1174 591 a
1195 544 1244 593 ra-

147 658 231 716 tione
246 652 422 714 abhorrent.
441 648 530 708 Nullo
544 646 639 706 modo
658 644 746 704 dehet
763 645 899 719 suppleri
910 644 962 720 jus
976 648 1060 722 quod
1073 649 1245 724 cdpoena's

147 775 268 848 attinet,
281 786 346 833 non
360 782 435 829 sane
447 766 520 842 orda
536 765 615 826 nihil
631 766 677 825 θεῖ
691 765 857 840 injustum,
873 765 957 840 quod
972 780 1038 826 non
1052 782 1072 828 a
1084 757 1153 841 leae
1168 783 1240 831 san-

147 896 235 969 citur,
251 893 305 952 sed
329 892 401 965 quia
424 903 488 949 non
509 901 602 949 omno
624 887 709 960 quod
729 887 775 945 cst
797 885 948 960 injustum
970 889 1168 961 puniendum
1184 890 1242 966 (1).

147 1016 262 1090 Duplex
278 1014 361 1074 enim
375 1010 421 1071 illl
430 1009 509 1084 juris
519 1008 600 1082 parti
613 1007 852 1068 undamentum
867 1010 927 1081 est,
936 1007 1055 1081 justitia
1065 1011 1096 1068 et
1109 1009 1239 1072 uddmc.

146 1135 228 1195 Nihil
242 1134 362 1193 sancire
376 1130 465 1192 debet
475 1129 639 1190 hominum
654 1128 793 1201 societas,
804 1127 865 1187 nisi
876 1127 959 1200 quod
968 1128 1117 1202 injustum
1128 1147 1137 1203 3
1149 1129 1242 1203 nihil,

147 1253 210 1311 nisi
224 1251 309 1326 quod
323 1250 383 1310 sibi
403 1251 503 1309 nocet.
520 1247 575 1308 Ubi
585 1247 692 1306 utilius
702 1249 748 1304 est
760 1246 876 1320 aliquid
889 1247 1016 1319 impune
1030 1245 1168 1320 tolerari,
1183 1249 1240 1306 im-

147 1381 231 1442 pune
240 1380 315 1426 sane
325 1365 531 1427 tolerandum.
544 1363 622 1434 Quid
632 1366 734 1422 autern
744 1361 853 1420 utilius
861 1374 953 1435 quam
967 1361 1124 1454 neminem
1134 1362 1242 1435 puniri

148 1497 250 1558 posse,
261 1484 322 1542 nisi
334 1496 370 1541 ex
384 1481 470 1554 lege?
481 1480 567 1552 Quod
582 1479 608 1538 si
627 1493 664 1538 ex
679 1478 805 1537 arbitrio
817 1476 931 1550 judicis
945 1476 1095 1536 scelerum
1110 1476 1243 1536 nomina

148 1603 282 1678 pendere
296 1601 440 1677 patiaris,
453 1601 518 1675 jam
531 1613 623 1660 nemo
638 1599 721 1658 tutus
735 1611 802 1658 esse
815 1600 931 1671 potest,
950 1609 1059 1656 ornnes
1075 1596 1109 1655 in
1124 1599 1243 1656 terrore

148 1737 235 1798 esse,
256 1738 352 1798 quum
375 1723 444 1783 ideo
469 1736 569 1797 poenae
594 1721 657 1781 sint
681 1721 853 1780 constitute
877 1720 912 1778 ut
936 1731 1045 1778 ornnes
1070 1718 1128 1777 tuti
1152 1731 1244 1790 agero

149 1848 272 1929 queant.
293 1845 378 1904 Adde
402 1844 486 1918 quod
508 1857 588 1917 sepe
610 1842 792 1903 delictorum
816 1855 903 1902 noum
922 1839 1026 1912 ligure
1046 1838 1189 1912 impihus
1204 1839 1244 1898 dc

150 1965 251 2024 causis
269 1964 518 2038 introducantur,
543 1978 601 2023 neo
625 1962 779 2035 iniquitati
807 1961 975 2037 quidquam
998 1959 1097 2032 magis
1119 1958 1242 2032 faveat,

149 2096 242 2156 quam
256 2083 348 2144 curie
361 2064 599 2157 indemnitatis
613 2096 706 2143 causa
715 2081 902 2155 compositae.

185 2208 244 2266 Nec
259 2207 363 2266 minus
381 2207 510 2267 alterum
532 2206 687 2267 curiarum
708 2219 840 2278 munus,
861 2205 945 2279 quod
963 2203 1046 2276 leges
1066 2202 1243 2278 corrigant,

151 2324 376 2396 quumutilitoti
386 2323 526 2397 publice,
540 2325 605 2382 tum
619 2322 753 2396 aeouimti
762 2320 950 2381 contrarium
960 2319 1020 2378 dici
1030 2320 1140 2392 potest.
1152 2319 1243 2389 Quod

151 2444 190 2502 ad
209 2445 291 2516 leges
309 2446 413 2505 civiles
433 2448 563 2520 spectat,
579 2455 655 2519 quas
674 2447 755 2503 recte
771 2442 857 2517 juset
878 2447 1016 2501 Baeonus
1035 2440 1134 2500 certas
1154 2453 1243 2515 esse,

151 2564 225 2636 quid
240 2565 385 2624 incertius
395 2566 444 2639 iis,
460 2564 487 2624 si
495 2568 560 2641 jam
576 2580 612 2624 cx
622 2564 747 2625 arbitrio
757 2565 832 2624 boni
844 2565 902 2626 viri
917 2564 1073 2639 pendenti
1087 2562 1113 2620 si
1123 2562 1245 2636 judicia

150 2683 220 2757 ipsa
233 2685 366 2744 rescindi
381 2689 532 2759 possunt?
542 2687 621 2758 Quid
634 2686 799 2760 injustius?
814 2689 880 2747 Non
895 2688 979 2746 enim
998 2707 1009 2736 u
1024 2686 1052 2745 ei
1065 2698 1157 2760 quem
1172 2687 1244 2746 vui·

151 2820 169 2860 u
187 2804 306 2863 neravit
317 2805 367 2864 lex
378 2805 485 2865 afferre
501 2806 672 2866 remedium
685 2808 812 2880 potasti
830 2806 891 2865 nisi
903 2807 963 2888 alio
978 2792 1148 2868 vulnerato.
1161 2807 1244 2876 Quid

97 3000 102 3009 ¹
151 2921 365 2997 periculosius,
381 2922 615 2995 magistratuum
624 2924 771 2998 exemplis
786 2923 906 2984 sociata
920 2925 1023 2996 legum
1038 2923 1245 2984 auctoritate?

152 3043 309 3113 curiarum
333 3045 413 3104 inter
442 3058 475 3103 se
503 3044 751 3120 emulationem,
776 3059 869 3119 quam
899 3047 984 3117 attigi
1013 3059 1125 3121 supra,
1155 3058 1245 3105 nunc

153 3164 270 3225 omitto.

189 3286 298 3342 Poenas
313 3289 415 3345 autem
430 3287 534 3359 angeri
550 3300 641 3360 posse
655 3299 674 3344 a
686 3285 841 3360 judicibus
851 3299 916 3345 non
928 3284 992 3359 jam
1011 3284 1174 3358 injustum,
1185 3285 1244 3344 sed

153 3405 239 3463 atrox
259 3417 325 3463 esse
339 3405 469 3464 videtur.
491 3410 559 3480 lpse
574 3411 712 3466 Baconus
735 3420 839 3466 sccum
859 3408 991 3480 pugnat,
1017 3406 1070 3479 qui
1091 3405 1243 3479 scripsit:

155 3544 168 3573 o
188 3524 302 3582 Durum
317 3526 362 3615 est
382 3525 523 3597 torquere
540 3525 621 3597 leges
635 3525 675 3584 ad
689 3526 749 3585 hoo
762 3527 797 3584 ut
821 3526 981 3599 torqueant
999 3524 1153 3584 homines.
1174 3526 1243 3584 lton

156 3665 170 3696 ι
188 3643 287 3717 placet
301 3643 393 3716 igitur
408 3645 528 3704 extendi
542 3646 623 3717 leges
638 3645 793 3719 poenales,
806 3645 904 3705 multo
918 3646 1022 3705 minus
1036 3645 1183 3718 capitales
1202 3648 1245 3708 ad

156 3785 167 3814 ε
190 3764 300 3824 delicta
312 3778 403 3824 nora.
421 3787 435 3816 ι
450 3764 578 3823 Additur
592 3777 684 3825 uero:
705 3765 815 3836 «Quod
830 3765 857 3824 si
872 3765 988 3824 crimen
1001 3765 1093 3824 fuerit
1110 3767 1200 3825 uetus
1214 3770 1246 3824 et

158 3909 171 3938 ι
188 3883 306 3958 iegibus
326 3891 452 3961 notum,
476 3887 530 3946 scd
552 3888 724 3960 prosecutio
745 3901 811 3961 epus
827 3887 943 3946 incidat
956 3889 990 3946 in
1005 3901 1111 3948 casum
1126 3901 1244 3949 novum

188 4301 217 4364 {ll
239 4303 270 4355 ll.
285 4304 404 4358 ortolan.
418 4303 550 4359 Elementa
562 4303 592 4358 ele
605 4303 682 4359 ltror’t
696 4297 773 4373 penul
783 4347 788 4358 .
805 4307 821 4359 l.
837 4321 858 4369 r,
875 4308 900 4360 l.
915 4310 944 4368 i,
959 4310 998 4360 tit.
1019 4309 1065 4362 it.
1082 4321 1106 4360 r..
1121 4320 1144 4373 1,
1160 4308 1188 4371 ἓ.
1203 4309 1232 4360 2,
