2782 4868
607 355 794 420 —isa-

156 511 230 580 quot
244 508 344 566 causis
358 509 557 582 invenerunt,
574 510 673 584 illam,
690 512 761 583 quia
780 524 859 585 sape
875 513 1006 585 obtinet,
1027 524 1153 587 semper
1166 516 1246 574 oliti«

157 638 230 687 nere
245 629 949 703 reputant‚praeccpofornaornan12eavero
964 633 1043 691 nihil
1053 634 1140 693 aliud
1155 651 1252 709 quam

157 749 312 837 memoria
323 749 497 822 auxiliatur,
508 762 572 808 non
583 750 650 807 sine
661 762 774 821 magno
786 750 914 808 rationis
925 751 1073 823 periculo.
1086 751 1244 826 Pleraque

157 870 400 942 coadunentur,
417 870 543 942 regula,
560 873 613 929 aut
634 871 783 944 plurimas
801 871 1015 930 distinctiones
1030 872 1254 944 recipiuntaut

156 1001 192 1045 ex
212 988 320 1046 eodem
342 988 382 1046 ad
406 988 489 1047 idem
515 988 674 1060 coliigunt.
690 988 833 1060 Exemplo
856 988 896 1045 sit
919 987 1024 1047 titulus
1044 991 1204 1049 Romanus
1217 991 1253 1048 de

157 1107 287 1167 dirersis
310 1107 422 1179 regulis
443 1108 523 1180 iuris
551 1109 689 1181 antiqui,
713 1120 781 1180 qua
809 1107 958 1167 dicuntur
976 1081 1044 1166 esse
1069 1109 1253 1168 recentioris

153 1231 232 1302 juris
248 1229 358 1301 regule
375 1249 382 1286 :
399 1232 548 1301 desperit
566 1229 706 1301 domino,
722 1228 843 1286 Debitor
865 1231 910 1284 ret
927 1235 1013 1286 eertae
1029 1232 1160 1286 interitu
1181 1229 1249 1286 troe-

155 1355 255 1406 rotcr.
274 1349 360 1417 Quod
375 1348 441 1420 ipse
456 1348 567 1406 tatetur
580 1351 718 1406 Baconus
738 1349 791 1421 nui
806 1349 872 1408 vult
890 1369 901 1399 ι
918 1349 989 1421 post
1003 1349 1142 1420 reguiam
1156 1350 1247 1424 adjici

159 1491 171 1516 ι
191 1465 403 1524 distinctiones
420 1466 450 1523 et
467 1465 660 1538 exceptiones
676 1466 716 1525 ad
735 1466 992 1525 limitationem.»
1017 1470 1127 1528 Nonne
1147 1472 1248 1529 autem

156 1588 215 1645 troc
235 1585 363 1645 rationis
382 1585 543 1658 proprium
563 1587 609 1644 est
631 1589 665 1643 ut
681 1585 795 1658 unique
810 1599 932 1660 semper
945 1599 1018 1647 vcra
1032 1588 1090 1646 sit?
1104 1591 1147 1647 Ne
1159 1588 1249 1660 igitur

155 1709 283 1767 rationis
298 1708 510 1768 auctoritatem
521 1706 580 1764 sihi
591 1708 742 1778 usurpent
753 1707 864 1777 regula
877 1706 965 1779 juris.
979 1709 1081 1766 Restat
1090 1709 1176 1780 quod
1186 1723 1247 1768 me-

154 1831 259 1889 morie
274 1829 468 1888 auxilientur.
484 1831 546 1887 Noc
558 1828 661 1900 ipsum
676 1827 788 1886 rationi
804 1839 916 1885 nocere
930 1828 1049 1900 potest,
1065 1827 1091 1885 si
1110 1828 1246 1900 regulam

153 1949 347 2021 memineris,
364 1949 558 2020 exceptiones
573 1946 775 2005 obliviscaris.
793 1948 933 2005 Attamen
952 1947 1012 2006 hoc
1027 1950 1149 2006 Bacono
1174 1962 1245 2007 con-

153 2068 325 2127 cedendum
340 2068 442 2141 quod,
457 2067 509 2125 uhi
527 2067 570 2125 tot
588 2066 669 2137 leges
684 2066 762 2140 sint,
778 2068 841 2125 tam
855 2067 1008 2140 contusae,
1019 2081 1084 2126 non
1095 2069 1183 2126 omni
1194 2069 1245 2128 ad-

151 2190 290 2261 jumento
316 2189 443 2246 exuatur
459 2201 555 2246 meus.
572 2188 638 2244 Non
654 2185 779 2258 quidem
796 2186 835 2244 ad
845 2186 926 2258 leges
938 2186 1134 2246 inde-lumen
1147 2201 1244 2247 acces·

154 2325 261 2370 surum
278 2323 356 2383 reor,
369 2310 421 2368 sed
439 2309 585 2368 auxilium
602 2307 759 2366 memorie
774 2320 866 2379 posse
882 2307 984 2365 afferri
1001 2321 1066 2366 non
1080 2308 1244 2368 mediocre.

187 2435 275 2491 Recte
293 2435 394 2493 autem
413 2431 521 2489 suadet
544 2435 682 2490 Baconus
704 2443 742 2487 ne
767 2450 778 2479 ι
801 2429 922 2500 singula
941 2429 1020 2501 juris
1036 2429 1113 2488 scita
1129 2430 1241 2511 inteili-

155 2580 166 2606 ι
186 2556 297 2628 gantur
320 2568 377 2627 pro
402 2553 530 2626 regulis,
559 2575 570 2602 ιι
597 2565 662 2611 non
686 2550 869 2623 runconia,
896 2553 930 2609 ut
954 2549 1014 2608 ilie·
1030 2548 1119 2624 dicit,
1149 2571 1161 2600 ι
1187 2563 1242 2622 pro

156 2696 168 2722 ι
186 2670 299 2741 regulis
313 2670 456 2727 habenda
466 2671 539 2726 sunt
555 2682 622 2741 que
637 2669 670 2725 in
682 2669 783 2727 forma
794 2669 862 2741 ipsa
873 2667 998 2740 justitia
1009 2667 1143 2742 haerent,
1159 2689 1172 2720 ιι
1190 2670 1242 2728 sed

152 2792 224 2864 auia
251 2804 314 2850 non
342 2790 440 2861 magis
469 2789 594 2861 prodest
628 2789 784 2847 memoria
815 2789 988 2860 regularum
1019 2801 1112 2863 quam
1141 2789 1241 2860 legmn

151 2912 258 2970 moles.
281 2914 345 2969 Non
365 2910 468 2968 minus
489 2921 613 2967 necesse
628 2912 674 2966 est
692 2922 731 2966 ne
743 2907 836 2966 nimis
853 2907 952 2980 ajure
967 2907 1006 2965 ab
1020 2907 1240 2980 vitaqneoom·

151 3029 238 3088 muni
254 3028 355 3086 atiena
369 3041 425 3100 pro
443 3027 555 3098 regulis
571 3026 746 3098 obtineant,
764 3038 831 3098 que
847 3026 931 3082 extra
944 3037 1036 3083 usum
1051 3025 1154 3098 posita
1169 3026 1239 3084 sint.

151 3149 311 3222 Exemplar
333 3148 391 3206 sihi
411 3146 557 3219 proponit
576 3146 713 3202 rubricas
735 3148 862 3218 optimos
883 3148 1033 3203 Baconus.
1055 3147 1164 3204 Nonne
1182 3147 1239 3206 troc

152 3271 197 3326 est
216 3269 356 3328 confiteri
377 3268 455 3325 nihil
474 3266 558 3325 aliud
577 3279 644 3324 esse
663 3264 776 3323 librum
792 3277 885 3337 quam
900 3263 1057 3323 memorie
1071 3265 1239 3324 auxilium?

151 3389 228 3458 Quid
248 3393 342 3448 vero?
360 3391 466 3446 Nonne
487 3388 539 3445 iile
559 3386 638 3444 inter
660 3385 821 3444 auxiliares
842 3385 938 3444 libros
960 3385 1162 3444 collocandus
1177 3388 1237 3458 est,

151 3511 272 3566 Bacono
288 3507 380 3564 teste?

185 3633 212 3686 i.
234 3634 276 3685 Dc
294 3627 532 3702 Antiquitatibus
558 3631 675 3699 Leptim.
698 3645 709 3675 ιι
731 3638 854 3685 exitati.
875 3626 985 3682 Praeter
1008 3635 1121 3695 corpus
1137 3623 1237 3696 ipsum

152 3771 163 3797 «
182 3746 275 3819 juris,
288 3746 407 3818 juvabit
422 3743 513 3802 etiam
534 3743 731 3815 antiquitates
745 3743 848 3814 legum
869 3743 1018 3813 invisere3
1036 3741 1148 3814 quibus
1169 3741 1239 3800 iicet

151 3892 162 3919 ιι
183 3867 340 3927 evanuerit
354 3864 536 3938 auctoritas,
557 3865 660 3922 manet
681 3866 783 3922 tamen
801 3864 979 3922 reverentia.
996 3866 1054 3921 Pro
1068 3861 1234 3934 antiquita-

151 4014 161 4041 ιι
184 3991 264 4049 tibus
282 3991 385 4047 autem
402 3989 504 4058 legum
526 3986 699 4045 habeantur
719 3986 832 4058 scripta
850 3985 932 4045 circa
950 3985 1030 4056 leges
1050 3984 1080 4041 et
1096 3982 1233 4055 judicia,

149 4135 160 4161 ιι
182 4112 246 4170 sive
269 4110 322 4168 illa
345 4108 459 4167 tuerint
483 4108 578 4179 edita,
606 4106 670 4166 sive
689 4121 769 4180 non,
790 4120 856 4178 quae
877 4106 979 4178 ipsum
998 4117 1111 4175 corpus
1128 4102 1233 4174 legum

148 4255 160 4284 ι
181 4236 318 4306 tempora
334 4230 553 4304 precesserunt
569 4248 575 4285 :
592 4242 697 4287 earum
712 4228 863 4302 siquidem
876 4227 995 4298 jactura
1011 4223 1152 4284 iacienda
1166 4235 1232 4280 non

149 4375 160 4403 ι
181 4354 235 4411 est.
263 4353 365 4423 itaque
386 4364 420 4409 ex
441 4350 478 4408 iis
498 4349 662 4410 utilissima
687 4361 814 4421 quaque
839 4347 990 4419 excerpito
1016 4344 1125 4416 (multa
1146 4342 1232 4402 enim
