<?xml version="1.0" encoding="UTF-8"?>
<!DOCTYPE html PUBLIC "-//W3C//DTD XHTML 1.0 Transitional//EN"
    "http://www.w3.org/TR/xhtml1/DTD/xhtml1-transitional.dtd">
<html xmlns="http://www.w3.org/1999/xhtml" xml:lang="en" lang="en">
 <head>
  <title>
</title>
<meta http-equiv="Content-Type" content="text/html;charset=utf-8" />
  <meta name='ocr-system' content='tesseract 3.04.00' />
  <meta name='ocr-capabilities' content='ocr_page ocr_carea ocr_par ocr_line ocrx_word'/>
</head>
<body>
  <div class='ocr_page' id='page_1' title='image "./dejureapudfranc00desjgoog_0116.png"; bbox 0 0 2782 4868; ppageno 0'>
   <div class='ocr_carea' id='block_1_1' title="bbox 599 378 789 440">
    <p class='ocr_par' dir='ltr' id='par_1_1' title="bbox 599 378 789 440">
     <span class='ocr_line' id='line_1_1' title="bbox 599 378 789 440; baseline -0.005 0"><span class='ocrx_word' id='word_1_1' title='bbox 599 378 789 440; x_wconf 83' lang='lat' dir='ltr'><strong>-tbt-</strong></span> 
     </span>
    </p>
   </div>
   <div class='ocr_carea' id='block_1_2' title="bbox 147 525 1263 3583">
    <p class='ocr_par' dir='ltr' id='par_1_2' title="bbox 147 525 1257 1440">
     <span class='ocr_line' id='line_1_2' title="bbox 162 525 1240 621; baseline -0.005 -27"><span class='ocrx_word' id='word_1_2' title='bbox 162 557 176 621; x_wconf 80' lang='lat'><strong>.&#39;</strong></span> <span class='ocrx_word' id='word_1_3' title='bbox 196 532 342 606; x_wconf 77' lang='lat' dir='ltr'><strong>alegibus</strong></span> <span class='ocrx_word' id='word_1_4' title='bbox 357 544 423 591; x_wconf 93' lang='lat' dir='ltr'><strong>non</strong></span> <span class='ocrx_word' id='word_1_5' title='bbox 436 531 604 605; x_wconf 83' lang='lat' dir='ltr'><strong>prouisum,</strong></span> <span class='ocrx_word' id='word_1_6' title='bbox 620 530 748 592; x_wconf 89' lang='lat' dir='ltr'><strong>omniuo</strong></span> <span class='ocrx_word' id='word_1_7' title='bbox 762 530 921 590; x_wconf 82' lang='lat' dir='ltr'><strong>recedatur</strong></span> <span class='ocrx_word' id='word_1_8' title='bbox 935 525 955 589; x_wconf 87' lang='lat' dir='ltr'><strong>&#39;a</strong></span> <span class='ocrx_word' id='word_1_9' title='bbox 968 528 1172 604; x_wconf 87' lang='lat' dir='ltr'><strong>plscittsjuris</strong></span> <span class='ocrx_word' id='word_1_10' title='bbox 1186 543 1240 603; x_wconf 94' lang='lat' dir='ltr'><strong>po·-</strong></span> 
     </span>
     <span class='ocr_line' id='line_1_3' title="bbox 150 649 1243 726; baseline -0.003 -16"><span class='ocrx_word' id='word_1_11' title='bbox 150 670 166 710; x_wconf 79' lang='lat' dir='ltr'><strong>r</strong></span> <span class='ocrx_word' id='word_1_12' title='bbox 187 653 249 712; x_wconf 91' lang='lat' dir='ltr'><strong>tius</strong></span> <span class='ocrx_word' id='word_1_13' title='bbox 260 664 353 726; x_wconf 94' lang='lat' dir='ltr'><strong>quam</strong></span> <span class='ocrx_word' id='word_1_14' title='bbox 365 650 476 710; x_wconf 83' lang='lat' dir='ltr'><strong>delicta</strong></span> <span class='ocrx_word' id='word_1_15' title='bbox 485 652 631 711; x_wconf 87' lang='lat' dir='ltr'><strong>maneant</strong></span> <span class='ocrx_word' id='word_1_16' title='bbox 641 651 794 725; x_wconf 86' lang='lat' dir='ltr'><strong>impunita</strong></span> <span class='ocrx_word' id='word_1_17' title='bbox 805 651 816 724; x_wconf 89' lang='grc'>(</span> <span class='ocrx_word' id='word_1_18' title='bbox 820 652 879 724; x_wconf 75' lang='lat' dir='ltr'><strong>l).-</strong></span> <span class='ocrx_word' id='word_1_19' title='bbox 893 653 929 710; x_wconf 89' lang='lat' dir='ltr'><strong>ln</strong></span> <span class='ocrx_word' id='word_1_20' title='bbox 939 649 1106 708; x_wconf 76' lang='lat' dir='ltr'><em>enormibus</em></span> <span class='ocrx_word' id='word_1_21' title='bbox 1122 649 1243 721; x_wconf 77' lang='lat' dir='ltr'><strong>casibus</strong></span> 
     </span>
     <span class='ocr_line' id='line_1_4' title="bbox 149 766 1242 846; baseline -0.005 -13"><span class='ocrx_word' id='word_1_22' title='bbox 149 772 265 846; x_wconf 72' lang='lat' dir='ltr'><strong>ajuro,</strong></span> <span class='ocrx_word' id='word_1_23' title='bbox 277 784 296 831; x_wconf 89' lang='lat' dir='ltr'><strong>a</strong></span> <span class='ocrx_word' id='word_1_24' title='bbox 307 769 428 845; x_wconf 82' lang='lat' dir='ltr'><strong>justitia</strong></span> <span class='ocrx_word' id='word_1_25' title='bbox 441 769 542 830; x_wconf 81' lang='lat' dir='ltr'><strong>recedi</strong></span> <span class='ocrx_word' id='word_1_26' title='bbox 557 783 648 845; x_wconf 89' lang='lat' dir='ltr'><strong>posse</strong></span> <span class='ocrx_word' id='word_1_27' title='bbox 660 766 747 844; x_wconf 83' lang='lat' dir='ltr'><strong>putat</strong></span> <span class='ocrx_word' id='word_1_28' title='bbox 759 790 767 829; x_wconf 74' lang='grc' dir='ltr'><strong><em>ε</em></strong></span> <span class='ocrx_word' id='word_1_29' title='bbox 781 771 847 845; x_wconf 91' lang='lat' dir='ltr'><strong>ipse</strong></span> <span class='ocrx_word' id='word_1_30' title='bbox 861 770 985 830; x_wconf 84' lang='lat' dir='ltr'><strong>recessit</strong></span> <span class='ocrx_word' id='word_1_31' title='bbox 996 770 1091 844; x_wconf 90' lang='lat' dir='ltr'><strong>quiin</strong></span> <span class='ocrx_word' id='word_1_32' title='bbox 1102 770 1242 844; x_wconf 86' lang='lat' dir='ltr'><strong>perduel-</strong></span> 
     </span>
     <span class='ocr_line' id='line_1_5' title="bbox 147 888 1245 970; baseline -0.002 -19"><span class='ocrx_word' id='word_1_33' title='bbox 147 892 233 952; x_wconf 87' lang='lat' dir='ltr'><strong>lione</strong></span> <span class='ocrx_word' id='word_1_34' title='bbox 247 891 328 970; x_wconf 83' lang='lat' dir='ltr'><strong>nihil</strong></span> <span class='ocrx_word' id='word_1_35' title='bbox 342 891 566 968; x_wconf 68' lang='lat' dir='ltr'><strong>accessorium,</strong></span> <span class='ocrx_word' id='word_1_36' title='bbox 589 890 695 950; x_wconf 92' lang='lat' dir='ltr'><strong>omnia</strong></span> <span class='ocrx_word' id='word_1_37' title='bbox 710 889 893 965; x_wconf 88' lang='lat' dir='ltr'><strong>principalia</strong></span> <span class='ocrx_word' id='word_1_38' title='bbox 908 903 974 950; x_wconf 89' lang='lat' dir='ltr'><strong>esse</strong></span> <span class='ocrx_word' id='word_1_39' title='bbox 989 890 1075 949; x_wconf 82' lang='lat' dir='ltr'><strong>dixit.</strong></span> <span class='ocrx_word' id='word_1_40' title='bbox 1096 891 1197 963; x_wconf 80' lang='lat' dir='ltr'><strong>Neque</strong></span> <span class='ocrx_word' id='word_1_41' title='bbox 1210 888 1245 949; x_wconf 84' lang='lat' dir='ltr'><strong>io</strong></span> 
     </span>
     <span class='ocr_line' id='line_1_6' title="bbox 149 1008 1257 1084; baseline -0.004 -13"><span class='ocrx_word' id='word_1_42' title='bbox 149 1011 210 1073; x_wconf 90' lang='lat' dir='ltr'><strong>soli</strong></span> <span class='ocrx_word' id='word_1_43' title='bbox 224 1014 345 1071; x_wconf 69' lang='lat' dir='ltr'><strong>monuo</strong></span> <span class='ocrx_word' id='word_1_44' title='bbox 360 1010 434 1071; x_wconf 89' lang='lat' dir='ltr'><strong>vitio</strong></span> <span class='ocrx_word' id='word_1_45' title='bbox 447 1012 594 1084; x_wconf 80' lang='lat' dir='ltr'><strong>vertatur,</strong></span> <span class='ocrx_word' id='word_1_46' title='bbox 612 1011 667 1070; x_wconf 87' lang='lat' dir='ltr'><strong>scd</strong></span> <span class='ocrx_word' id='word_1_47' title='bbox 688 1012 717 1070; x_wconf 90' lang='lat' dir='ltr'><strong>et</strong></span> <span class='ocrx_word' id='word_1_48' title='bbox 736 1009 905 1084; x_wconf 74' lang='lat' dir='ltr'><strong>equalibus</strong></span> <span class='ocrx_word' id='word_1_49' title='bbox 924 1009 1000 1083; x_wconf 86' lang='lat' dir='ltr'><strong>ojus.</strong></span> <span class='ocrx_word' id='word_1_50' title='bbox 1015 1008 1189 1081; x_wconf 74' lang='lat' dir='ltr'><strong>sambuci,</strong></span> <span class='ocrx_word' id='word_1_51' title='bbox 1208 1008 1257 1067; x_wconf 51' lang='lat' dir='ltr'><strong>iu¹</strong></span> 
     </span>
     <span class='ocr_line' id='line_1_7' title="bbox 148 1127 1244 1205; baseline -0.003 -16"><span class='ocrx_word' id='word_1_52' title='bbox 148 1129 332 1204; x_wconf 81' lang='lat' dir='ltr'><strong>capitalibus</strong></span> <span class='ocrx_word' id='word_1_53' title='bbox 342 1130 460 1205; x_wconf 88' lang='lat' dir='ltr'><strong>causis,</strong></span> <span class='ocrx_word' id='word_1_54' title='bbox 479 1130 600 1189; x_wconf 88' lang='lat' dir='ltr'><strong>testesa</strong></span> <span class='ocrx_word' id='word_1_55' title='bbox 617 1142 670 1189; x_wconf 87' lang='lat' dir='ltr'><strong>reo</strong></span> <span class='ocrx_word' id='word_1_56' title='bbox 684 1129 823 1189; x_wconf 85' lang='lat' dir='ltr'><strong>adbiberi</strong></span> <span class='ocrx_word' id='word_1_57' title='bbox 837 1142 902 1188; x_wconf 89' lang='lat' dir='ltr'><strong>non</strong></span> <span class='ocrx_word' id='word_1_58' title='bbox 917 1140 1028 1203; x_wconf 86' lang='lat' dir='ltr'><strong>passus</strong></span> <span class='ocrx_word' id='word_1_59' title='bbox 1038 1129 1097 1202; x_wconf 81' lang='lat' dir='ltr'><strong>est,</strong></span> <span class='ocrx_word' id='word_1_60' title='bbox 1113 1141 1153 1187; x_wconf 90' lang='lat' dir='ltr'><strong>ne</strong></span> <span class='ocrx_word' id='word_1_61' title='bbox 1170 1127 1244 1186; x_wconf 85' lang='lat' dir='ltr'><strong>inde</strong></span> 
     </span>
     <span class='ocr_line' id='line_1_8' title="bbox 147 1246 1243 1325; baseline -0.002 -17"><span class='ocrx_word' id='word_1_62' title='bbox 147 1247 284 1323; x_wconf 84' lang='lat' dir='ltr'><strong>perjuria</strong></span> <span class='ocrx_word' id='word_1_63' title='bbox 297 1250 501 1322; x_wconf 81' lang='lat' dir='ltr'><strong>procederent</strong></span> <span class='ocrx_word' id='word_1_64' title='bbox 515 1249 567 1325; x_wconf 75' lang='lat' dir='ltr'><strong>(i),</strong></span> <span class='ocrx_word' id='word_1_65' title='bbox 584 1251 614 1309; x_wconf 90' lang='lat' dir='ltr'><strong>et</strong></span> <span class='ocrx_word' id='word_1_66' title='bbox 629 1249 711 1322; x_wconf 83' lang='lat' dir='ltr'><strong>apud</strong></span> <span class='ocrx_word' id='word_1_67' title='bbox 726 1263 784 1309; x_wconf 90' lang='lat' dir='ltr'><strong>nos</strong></span> <span class='ocrx_word' id='word_1_68' title='bbox 797 1249 920 1310; x_wconf 78' lang='lat' dir='ltr'><strong>veniam</strong></span> <span class='ocrx_word' id='word_1_69' title='bbox 931 1248 1029 1309; x_wconf 82' lang='lat' dir='ltr'><strong>aetatis</strong></span> <span class='ocrx_word' id='word_1_70' title='bbox 1039 1249 1073 1308; x_wconf 92' lang='lat' dir='ltr'><strong>iu</strong></span> <span class='ocrx_word' id='word_1_71' title='bbox 1089 1246 1243 1309; x_wconf 87' lang='lat' dir='ltr'><strong>atrocibus</strong></span> 
     </span>
     <span class='ocr_line' id='line_1_9' title="bbox 147 1337 813 1440; baseline 0.003 -16"><span class='ocrx_word' id='word_1_72' title='bbox 147 1337 313 1425; x_wconf 84' lang='lat' dir='ltr'><strong>sceleribus</strong></span> <span class='ocrx_word' id='word_1_73' title='bbox 327 1365 444 1425; x_wconf 80' lang='lat' dir='ltr'><strong>diubus</strong></span> <span class='ocrx_word' id='word_1_74' title='bbox 459 1366 634 1426; x_wconf 86' lang='lat' dir='ltr'><strong>cessavisse</strong></span> <span class='ocrx_word' id='word_1_75' title='bbox 650 1367 747 1426; x_wconf 87' lang='lat' dir='ltr'><strong>iertur</strong></span> <span class='ocrx_word' id='word_1_76' title='bbox 761 1365 813 1440; x_wconf 85' lang='grc'>(3).</span> 
     </span>
    </p>

    <p class='ocr_par' dir='ltr' id='par_1_3' title="bbox 147 1485 1263 3583">
     <span class='ocr_line' id='line_1_10' title="bbox 184 1485 1243 1563; baseline 0.001 -19"><span class='ocrx_word' id='word_1_77' title='bbox 184 1487 245 1545; x_wconf 88' lang='lat' dir='ltr'><strong>Nec</strong></span> <span class='ocrx_word' id='word_1_78' title='bbox 253 1486 355 1560; x_wconf 90' lang='lat' dir='ltr'><strong>ipsum</strong></span> <span class='ocrx_word' id='word_1_79' title='bbox 365 1489 520 1546; x_wconf 84' lang='lat' dir='ltr'><strong>baconum</strong></span> <span class='ocrx_word' id='word_1_80' title='bbox 529 1487 638 1548; x_wconf 82' lang='lat' dir='ltr'><strong>fefollit</strong></span> <span class='ocrx_word' id='word_1_81' title='bbox 653 1503 745 1563; x_wconf 92' lang='lat' dir='ltr'><strong>quam</strong></span> <span class='ocrx_word' id='word_1_82' title='bbox 759 1502 851 1561; x_wconf 82' lang='lat' dir='ltr'><strong>graue</strong></span> <span class='ocrx_word' id='word_1_83' title='bbox 866 1490 945 1548; x_wconf 86' lang='lat' dir='ltr'><strong>esset</strong></span> <span class='ocrx_word' id='word_1_84' title='bbox 958 1489 1075 1548; x_wconf 87' lang='lat' dir='ltr'><strong>tautam</strong></span> <span class='ocrx_word' id='word_1_85' title='bbox 1086 1485 1243 1561; x_wconf 71' lang='lat' dir='ltr'><strong>iudicibus</strong></span> 
     </span>
     <span class='ocr_line' id='line_1_11' title="bbox 147 1603 1253 1678; baseline 0 -18"><span class='ocrx_word' id='word_1_86' title='bbox 147 1603 330 1676; x_wconf 84' lang='lat' dir='ltr'><strong>potestatem</strong></span> <span class='ocrx_word' id='word_1_87' title='bbox 345 1603 494 1676; x_wconf 85' lang='lat' dir='ltr'><strong>permitti.</strong></span> <span class='ocrx_word' id='word_1_88' title='bbox 510 1603 678 1663; x_wconf 82' lang='lat' dir='ltr'><strong>Confitetur</strong></span> <span class='ocrx_word' id='word_1_89' title='bbox 692 1605 817 1678; x_wconf 84' lang='lat' dir='ltr'><strong>quidem</strong></span> <span class='ocrx_word' id='word_1_90' title='bbox 835 1627 847 1657; x_wconf 76' lang='lat' dir='ltr'><strong>o</strong></span> <span class='ocrx_word' id='word_1_91' title='bbox 862 1616 972 1678; x_wconf 87' lang='lat' dir='ltr'><strong>porum</strong></span> <span class='ocrx_word' id='word_1_92' title='bbox 988 1605 1094 1664; x_wconf 88' lang='lat' dir='ltr'><strong>abesse</strong></span> <span class='ocrx_word' id='word_1_93' title='bbox 1110 1603 1253 1676; x_wconf 66' lang='lat' dir='ltr'><strong>epotos:</strong></span> 
     </span>
     <span class='ocr_line' id='line_1_12' title="bbox 151 1720 1243 1799; baseline -0.003 -18"><span class='ocrx_word' id='word_1_94' title='bbox 151 1741 164 1774; x_wconf 77' lang='grc' dir='ltr'>α</span> <span class='ocrx_word' id='word_1_95' title='bbox 183 1722 248 1781; x_wconf 89' lang='lat' dir='ltr'><strong>tate</strong></span> <span class='ocrx_word' id='word_1_96' title='bbox 261 1723 343 1795; x_wconf 79' lang='lat' dir='ltr'><strong>leges</strong></span> <span class='ocrx_word' id='word_1_97' title='bbox 362 1723 520 1782; x_wconf 85' lang='lat' dir='ltr'><strong>condendi</strong></span> <span class='ocrx_word' id='word_1_98' title='bbox 533 1725 714 1797; x_wconf 86' lang='lat' dir='ltr'><strong>potestatem</strong></span> <span class='ocrx_word' id='word_1_99' title='bbox 728 1737 779 1784; x_wconf 87' lang='lat' dir='ltr'><strong>eas</strong></span> <span class='ocrx_word' id='word_1_100' title='bbox 789 1723 962 1799; x_wconf 81' lang='lat' dir='ltr'><strong>supplendi,</strong></span> <span class='ocrx_word' id='word_1_101' title='bbox 979 1725 1033 1782; x_wconf 90' lang='lat' dir='ltr'><strong>aut</strong></span> <span class='ocrx_word' id='word_1_102' title='bbox 1047 1720 1243 1794; x_wconf 81' lang='lat' dir='ltr'><strong>extendendi,</strong></span> 
     </span>
     <span class='ocr_line' id='line_1_13' title="bbox 152 1841 1243 1920; baseline -0.003 -16"><span class='ocrx_word' id='word_1_103' title='bbox 152 1865 166 1896; x_wconf 78' lang='grc' dir='ltr'>ι</span> <span class='ocrx_word' id='word_1_104' title='bbox 185 1845 240 1904; x_wconf 89' lang='lat' dir='ltr'><strong>aut</strong></span> <span class='ocrx_word' id='word_1_105' title='bbox 259 1844 449 1904; x_wconf 84' lang='lat' dir='ltr'><strong>moderandi.</strong></span> <span class='ocrx_word' id='word_1_106' title='bbox 467 1864 478 1898; x_wconf 77' lang='lat' dir='ltr'><strong>o</strong></span> <span class='ocrx_word' id='word_1_107' title='bbox 496 1846 568 1906; x_wconf 84' lang='lat' dir='ltr'><strong>ideo</strong></span> <span class='ocrx_word' id='word_1_108' title='bbox 584 1846 816 1920; x_wconf 81' lang='lat' dir='ltr'><strong>jurisdictiones</strong></span> <span class='ocrx_word' id='word_1_109' title='bbox 833 1845 909 1906; x_wconf 86' lang='lat' dir='ltr'><strong>tales</strong></span> <span class='ocrx_word' id='word_1_110' title='bbox 928 1845 1079 1918; x_wconf 83' lang='lat' dir='ltr'><strong>supremis</strong></span> <span class='ocrx_word' id='word_1_111' title='bbox 1095 1844 1129 1903; x_wconf 91' lang='lat' dir='ltr'><strong>in</strong></span> <span class='ocrx_word' id='word_1_112' title='bbox 1149 1841 1243 1902; x_wconf 87' lang='lat' dir='ltr'><strong>curiis</strong></span> 
     </span>
     <span class='ocr_line' id='line_1_14' title="bbox 147 1961 1242 2040; baseline 0 -18"><span class='ocrx_word' id='word_1_113' title='bbox 147 1961 281 2022; x_wconf 81' lang='lat' dir='ltr'><strong>residere</strong></span> <span class='ocrx_word' id='word_1_114' title='bbox 295 1963 395 2037; x_wconf 81' lang='lat' dir='ltr'><strong>jubet3</strong></span> <span class='ocrx_word' id='word_1_115' title='bbox 417 1978 522 2026; x_wconf 90' lang='lat' dir='ltr'><strong>noune</strong></span> <span class='ocrx_word' id='word_1_116' title='bbox 542 1968 572 2025; x_wconf 89' lang='lat' dir='ltr'><strong>ct</strong></span> <span class='ocrx_word' id='word_1_117' title='bbox 585 1966 737 2040; x_wconf 88' lang='lat' dir='ltr'><strong>supremis</strong></span> <span class='ocrx_word' id='word_1_118' title='bbox 757 1965 851 2026; x_wconf 89' lang='lat' dir='ltr'><strong>curiis</strong></span> <span class='ocrx_word' id='word_1_119' title='bbox 872 1967 989 2025; x_wconf 85' lang='lat' dir='ltr'><strong>tantam</strong></span> <span class='ocrx_word' id='word_1_120' title='bbox 1003 1966 1121 2038; x_wconf 92' lang='lat' dir='ltr'><strong>partem</strong></span> <span class='ocrx_word' id='word_1_121' title='bbox 1141 1965 1242 2037; x_wconf 87' lang='lat' dir='ltr'><strong>potes·</strong></span> 
     </span>
     <span class='ocr_line' id='line_1_15' title="bbox 149 2080 1241 2159; baseline 0 -21"><span class='ocrx_word' id='word_1_122' title='bbox 149 2080 232 2155; x_wconf 85' lang='lat' dir='ltr'><strong>tatis,</strong></span> <span class='ocrx_word' id='word_1_123' title='bbox 247 2095 315 2153; x_wconf 79' lang='lat' dir='ltr'><strong>quae</strong></span> <span class='ocrx_word' id='word_1_124' title='bbox 334 2082 436 2154; x_wconf 80' lang='lat' dir='ltr'><strong>legum</strong></span> <span class='ocrx_word' id='word_1_125' title='bbox 447 2084 616 2144; x_wconf 82' lang='lat' dir='ltr'><strong>conditoris</strong></span> <span class='ocrx_word' id='word_1_126' title='bbox 626 2097 692 2144; x_wconf 88' lang='lat' dir='ltr'><strong>esse</strong></span> <span class='ocrx_word' id='word_1_127' title='bbox 705 2085 817 2159; x_wconf 81' lang='lat' dir='ltr'><strong>soleat,</strong></span> <span class='ocrx_word' id='word_1_128' title='bbox 829 2082 961 2155; x_wconf 82' lang='lat' dir='ltr'><strong>delegari</strong></span> <span class='ocrx_word' id='word_1_129' title='bbox 972 2083 1079 2142; x_wconf 78' lang='lat' dir='ltr'><strong>nefas?</strong></span> <span class='ocrx_word' id='word_1_130' title='bbox 1089 2081 1161 2154; x_wconf 83' lang='lat' dir='ltr'><strong>Regi</strong></span> <span class='ocrx_word' id='word_1_131' title='bbox 1175 2081 1241 2154; x_wconf 93' lang='lat' dir='ltr'><strong>qui-</strong></span> 
     </span>
     <span class='ocr_line' id='line_1_16' title="bbox 148 2200 1243 2277; baseline -0.002 -18"><span class='ocrx_word' id='word_1_132' title='bbox 148 2201 221 2259; x_wconf 86' lang='lat' dir='ltr'><strong>dem</strong></span> <span class='ocrx_word' id='word_1_133' title='bbox 235 2214 300 2260; x_wconf 93' lang='lat' dir='ltr'><strong>nou</strong></span> <span class='ocrx_word' id='word_1_134' title='bbox 316 2202 387 2261; x_wconf 88' lang='lat' dir='ltr'><strong>licet</strong></span> <span class='ocrx_word' id='word_1_135' title='bbox 401 2202 468 2262; x_wconf 90' lang='lat' dir='ltr'><strong>sine</strong></span> <span class='ocrx_word' id='word_1_136' title='bbox 481 2203 684 2277; x_wconf 86' lang='lat' dir='ltr'><strong>parliamento</strong></span> <span class='ocrx_word' id='word_1_137' title='bbox 702 2202 753 2277; x_wconf 87' lang='lat' dir='ltr'><strong>jus</strong></span> <span class='ocrx_word' id='word_1_138' title='bbox 769 2203 901 2263; x_wconf 86' lang='lat' dir='ltr'><strong>condere</strong></span> <span class='ocrx_word' id='word_1_139' title='bbox 910 2246 918 2276; x_wconf 89' lang='lat'>,</span> <span class='ocrx_word' id='word_1_140' title='bbox 927 2201 1003 2276; x_wconf 85' lang='lat' dir='ltr'><strong>qui,</strong></span> <span class='ocrx_word' id='word_1_141' title='bbox 1014 2204 1049 2260; x_wconf 91' lang='lat' dir='ltr'><strong>ut</strong></span> <span class='ocrx_word' id='word_1_142' title='bbox 1062 2213 1146 2275; x_wconf 89' lang='lat' dir='ltr'><strong>reor,</strong></span> <span class='ocrx_word' id='word_1_143' title='bbox 1160 2200 1243 2271; x_wconf 77' lang='lat' dir='ltr'><strong>leges</strong></span> 
     </span>
     <span class='ocr_line' id='line_1_17' title="bbox 148 2319 1241 2396; baseline -0.001 -18"><span class='ocrx_word' id='word_1_144' title='bbox 148 2320 249 2379; x_wconf 87' lang='lat' dir='ltr'><strong>certas</strong></span> <span class='ocrx_word' id='word_1_145' title='bbox 259 2323 494 2395; x_wconf 80' lang='lat' dir='ltr'><strong>constantesque</strong></span> <span class='ocrx_word' id='word_1_146' title='bbox 507 2323 586 2381; x_wconf 83' lang='lat' dir='ltr'><strong>terre</strong></span> <span class='ocrx_word' id='word_1_147' title='bbox 596 2323 713 2396; x_wconf 88' lang='lat' dir='ltr'><strong>possit:</strong></span> <span class='ocrx_word' id='word_1_148' title='bbox 730 2335 770 2380; x_wconf 90' lang='lat' dir='ltr'><strong>ne</strong></span> <span class='ocrx_word' id='word_1_149' title='bbox 784 2319 1039 2396; x_wconf 80' lang='lat' dir='ltr'><strong>igiturjudicibus</strong></span> <span class='ocrx_word' id='word_1_150' title='bbox 1050 2319 1088 2378; x_wconf 81' lang='lat' dir='ltr'><strong>(lc</strong></span> <span class='ocrx_word' id='word_1_151' title='bbox 1101 2331 1241 2391; x_wconf 91' lang='lat' dir='ltr'><strong>unoquo·</strong></span> 
     </span>
     <span class='ocr_line' id='line_1_18' title="bbox 148 2437 1243 2525; baseline -0.001 -28"><span class='ocrx_word' id='word_1_152' title='bbox 148 2450 209 2510; x_wconf 85' lang='lat' dir='ltr'><strong>que</strong></span> <span class='ocrx_word' id='word_1_153' title='bbox 232 2450 306 2498; x_wconf 87' lang='lat' dir='ltr'><strong>casu</strong></span> <span class='ocrx_word' id='word_1_154' title='bbox 320 2438 456 2525; x_wconf 82' lang='lat' dir='ltr'><strong>diversas</strong></span> <span class='ocrx_word' id='word_1_155' title='bbox 474 2441 556 2512; x_wconf 78' lang='lat' dir='ltr'><strong>leges</strong></span> <span class='ocrx_word' id='word_1_156' title='bbox 579 2441 764 2500; x_wconf 87' lang='lat' dir='ltr'><strong>constituere</strong></span> <span class='ocrx_word' id='word_1_157' title='bbox 785 2441 885 2500; x_wconf 88' lang='lat' dir='ltr'><strong>liceat.</strong></span> <span class='ocrx_word' id='word_1_158' title='bbox 901 2443 962 2499; x_wconf 89' lang='lat' dir='ltr'><strong>Nec</strong></span> <span class='ocrx_word' id='word_1_159' title='bbox 983 2438 1134 2513; x_wconf 89' lang='lat' dir='ltr'><strong>supremis</strong></span> <span class='ocrx_word' id='word_1_160' title='bbox 1149 2437 1243 2498; x_wconf 88' lang='lat' dir='ltr'><strong>curiis</strong></span> 
     </span>
     <span class='ocr_line' id='line_1_19' title="bbox 149 2559 1263 2636; baseline 0 -18"><span class='ocrx_word' id='word_1_161' title='bbox 149 2559 281 2619; x_wconf 89' lang='lat' dir='ltr'><strong>omuino</strong></span> <span class='ocrx_word' id='word_1_162' title='bbox 297 2560 501 2636; x_wconf 80' lang='lat' dir='ltr'><strong>credendum3</strong></span> <span class='ocrx_word' id='word_1_163' title='bbox 524 2574 604 2635; x_wconf 84' lang='lat' dir='ltr'><strong>saepe</strong></span> <span class='ocrx_word' id='word_1_164' title='bbox 626 2563 817 2636; x_wconf 88' lang='lat' dir='ltr'><strong>compertum</strong></span> <span class='ocrx_word' id='word_1_165' title='bbox 836 2562 882 2622; x_wconf 89' lang='lat' dir='ltr'><strong>est</strong></span> <span class='ocrx_word' id='word_1_166' title='bbox 899 2560 1003 2621; x_wconf 87' lang='lat' dir='ltr'><strong>nullas</strong></span> <span class='ocrx_word' id='word_1_167' title='bbox 1019 2560 1118 2632; x_wconf 79' lang='lat' dir='ltr'><strong>magis</strong></span> <span class='ocrx_word' id='word_1_168' title='bbox 1138 2559 1263 2632; x_wconf 77' lang='lat' dir='ltr'><strong>graue·</strong></span> 
     </span>
     <span class='ocr_line' id='line_1_20' title="bbox 149 2677 1241 2756; baseline 0.002 -20"><span class='ocrx_word' id='word_1_169' title='bbox 149 2677 300 2738; x_wconf 85' lang='lat' dir='ltr'><strong>obnoxias</strong></span> <span class='ocrx_word' id='word_1_170' title='bbox 315 2692 392 2754; x_wconf 86' lang='lat' dir='ltr'><strong>esse,</strong></span> <span class='ocrx_word' id='word_1_171' title='bbox 407 2693 465 2739; x_wconf 89' lang='lat' dir='ltr'><strong>neo</strong></span> <span class='ocrx_word' id='word_1_172' title='bbox 474 2681 574 2740; x_wconf 92' lang='lat' dir='ltr'><strong>ullum</strong></span> <span class='ocrx_word' id='word_1_173' title='bbox 588 2683 760 2755; x_wconf 83' lang='lat' dir='ltr'><strong>exemplum</strong></span> <span class='ocrx_word' id='word_1_174' title='bbox 775 2681 933 2756; x_wconf 91' lang='lat' dir='ltr'><strong>sumptum</strong></span> <span class='ocrx_word' id='word_1_175' title='bbox 950 2681 1054 2754; x_wconf 82' lang='lat' dir='ltr'><strong>velim,</strong></span> <span class='ocrx_word' id='word_1_176' title='bbox 1063 2679 1125 2739; x_wconf 89' lang='lat' dir='ltr'><strong>nisi</strong></span> <span class='ocrx_word' id='word_1_177' title='bbox 1139 2681 1241 2738; x_wconf 89' lang='lat' dir='ltr'><strong>atem·</strong></span> 
     </span>
     <span class='ocr_line' id='line_1_21' title="bbox 150 2793 1243 2873; baseline 0.001 -19"><span class='ocrx_word' id='word_1_178' title='bbox 150 2793 278 2868; x_wconf 89' lang='lat' dir='ltr'><strong>poribus</strong></span> <span class='ocrx_word' id='word_1_179' title='bbox 292 2799 322 2855; x_wconf 90' lang='lat' dir='ltr'><strong>et</strong></span> <span class='ocrx_word' id='word_1_180' title='bbox 335 2797 435 2869; x_wconf 91' lang='lat' dir='ltr'><strong>patria</strong></span> <span class='ocrx_word' id='word_1_181' title='bbox 448 2799 572 2872; x_wconf 80' lang='lat' dir='ltr'><strong>Baceni,</strong></span> <span class='ocrx_word' id='word_1_182' title='bbox 587 2799 693 2873; x_wconf 89' lang='lat' dir='ltr'><strong>quina</strong></span> <span class='ocrx_word' id='word_1_183' title='bbox 707 2804 827 2859; x_wconf 85' lang='lat' dir='ltr'><strong>Baoono</strong></span> <span class='ocrx_word' id='word_1_184' title='bbox 837 2800 916 2873; x_wconf 91' lang='lat' dir='ltr'><strong>ipso.</strong></span> <span class='ocrx_word' id='word_1_185' title='bbox 932 2802 999 2859; x_wconf 87' lang='lat' dir='ltr'><strong>Nou</strong></span> <span class='ocrx_word' id='word_1_186' title='bbox 1012 2798 1087 2858; x_wconf 91' lang='lat' dir='ltr'><strong>satis</strong></span> <span class='ocrx_word' id='word_1_187' title='bbox 1100 2800 1147 2858; x_wconf 89' lang='lat' dir='ltr'><strong>est</strong></span> <span class='ocrx_word' id='word_1_188' title='bbox 1159 2798 1243 2870; x_wconf 83' lang='lat' dir='ltr'><strong>quod</strong></span> 
     </span>
     <span class='ocr_line' id='line_1_22' title="bbox 149 2913 1240 2992; baseline 0.001 -19"><span class='ocrx_word' id='word_1_189' title='bbox 149 2913 203 2974; x_wconf 89' lang='lat' dir='ltr'><strong>ille</strong></span> <span class='ocrx_word' id='word_1_190' title='bbox 217 2917 364 2976; x_wconf 84' lang='lat' dir='ltr'><strong>vetatuni</strong></span> <span class='ocrx_word' id='word_1_191' title='bbox 378 2917 446 2976; x_wconf 87' lang='lat' dir='ltr'><strong>viro</strong></span> <span class='ocrx_word' id='word_1_192' title='bbox 460 2917 611 2977; x_wconf 88' lang='lat' dir='ltr'><strong>committi</strong></span> <span class='ocrx_word' id='word_1_193' title='bbox 627 2919 737 2992; x_wconf 89' lang='lat' dir='ltr'><strong>curias,</strong></span> <span class='ocrx_word' id='word_1_194' title='bbox 749 2921 857 2978; x_wconf 89' lang='lat' dir='ltr'><strong>contra</strong></span> <span class='ocrx_word' id='word_1_195' title='bbox 871 2918 1044 2991; x_wconf 81' lang='lat' dir='ltr'><strong>exemplum</strong></span> <span class='ocrx_word' id='word_1_196' title='bbox 1058 2916 1240 2976; x_wconf 81' lang='lat' dir='ltr'><strong>Britannia:</strong></span> 
     </span>
     <span class='ocr_line' id='line_1_23' title="bbox 150 3031 1243 3110; baseline -0.001 -17"><span class='ocrx_word' id='word_1_197' title='bbox 150 3044 266 3106; x_wconf 86' lang='lat' dir='ltr'><strong>paucos</strong></span> <span class='ocrx_word' id='word_1_198' title='bbox 275 3031 360 3093; x_wconf 87' lang='lat' dir='ltr'><strong>enim</strong></span> <span class='ocrx_word' id='word_1_199' title='bbox 371 3033 492 3107; x_wconf 80' lang='lat' dir='ltr'><strong>judices</strong></span> <span class='ocrx_word' id='word_1_200' title='bbox 506 3047 572 3093; x_wconf 90' lang='lat' dir='ltr'><strong>esse</strong></span> <span class='ocrx_word' id='word_1_201' title='bbox 587 3048 712 3095; x_wconf 90' lang='lat' dir='ltr'><strong>necesse</strong></span> <span class='ocrx_word' id='word_1_202' title='bbox 726 3036 788 3110; x_wconf 86' lang='lat' dir='ltr'><strong>cst;</strong></span> <span class='ocrx_word' id='word_1_203' title='bbox 803 3034 885 3107; x_wconf 85' lang='lat' dir='ltr'><strong>apud</strong></span> <span class='ocrx_word' id='word_1_204' title='bbox 899 3046 1014 3107; x_wconf 87' lang='lat' dir='ltr'><strong>paucos</strong></span> <span class='ocrx_word' id='word_1_205' title='bbox 1027 3035 1129 3094; x_wconf 90' lang='lat' dir='ltr'><strong>autem</strong></span> <span class='ocrx_word' id='word_1_206' title='bbox 1147 3034 1243 3106; x_wconf 80' lang='lat' dir='ltr'><strong>gratia</strong></span> 
     </span>
     <span class='ocr_line' id='line_1_24' title="bbox 150 3152 1241 3228; baseline 0 -16"><span class='ocrx_word' id='word_1_207' title='bbox 150 3152 285 3213; x_wconf 80' lang='lat' dir='ltr'><strong>maxime</strong></span> <span class='ocrx_word' id='word_1_208' title='bbox 297 3153 399 3214; x_wconf 80' lang='lat' dir='ltr'><strong>valere</strong></span> <span class='ocrx_word' id='word_1_209' title='bbox 416 3154 511 3228; x_wconf 87' lang='lat' dir='ltr'><strong>solet,</strong></span> <span class='ocrx_word' id='word_1_210' title='bbox 525 3167 583 3213; x_wconf 90' lang='lat' dir='ltr'><strong>nec</strong></span> <span class='ocrx_word' id='word_1_211' title='bbox 602 3155 642 3213; x_wconf 92' lang='lat' dir='ltr'><strong>iis</strong></span> <span class='ocrx_word' id='word_1_212' title='bbox 661 3156 761 3228; x_wconf 89' lang='lat' dir='ltr'><strong>potest</strong></span> <span class='ocrx_word' id='word_1_213' title='bbox 772 3153 853 3227; x_wconf 86' lang='lat' dir='ltr'><strong>juris</strong></span> <span class='ocrx_word' id='word_1_214' title='bbox 871 3152 1013 3213; x_wconf 81' lang='lat' dir='ltr'><strong>mutandi</strong></span> <span class='ocrx_word' id='word_1_215' title='bbox 1036 3153 1172 3226; x_wconf 84' lang='lat' dir='ltr'><strong>permitti</strong></span> <span class='ocrx_word' id='word_1_216' title='bbox 1187 3166 1241 3226; x_wconf 91' lang='lat' dir='ltr'><strong>po-</strong></span> 
     </span>
     <span class='ocr_line' id='line_1_25' title="bbox 152 3271 1243 3347; baseline 0.001 -18"><span class='ocrx_word' id='word_1_217' title='bbox 152 3271 256 3330; x_wconf 87' lang='lat' dir='ltr'><strong>testas.</strong></span> <span class='ocrx_word' id='word_1_218' title='bbox 271 3271 333 3345; x_wconf 89' lang='lat' dir='ltr'><strong>lpsi</strong></span> <span class='ocrx_word' id='word_1_219' title='bbox 357 3273 495 3333; x_wconf 86' lang='lat' dir='ltr'><strong>Britanni</strong></span> <span class='ocrx_word' id='word_1_220' title='bbox 514 3273 680 3347; x_wconf 88' lang='lat' dir='ltr'><strong>prudentes</strong></span> <span class='ocrx_word' id='word_1_221' title='bbox 701 3286 791 3332; x_wconf 90' lang='lat' dir='ltr'><strong>casus</strong></span> <span class='ocrx_word' id='word_1_222' title='bbox 810 3273 961 3346; x_wconf 78' lang='lat' dir='ltr'><strong>quosdam</strong></span> <span class='ocrx_word' id='word_1_223' title='bbox 984 3286 1050 3331; x_wconf 90' lang='lat' dir='ltr'><strong>esse</strong></span> <span class='ocrx_word' id='word_1_224' title='bbox 1072 3273 1193 3346; x_wconf 86' lang='lat' dir='ltr'><strong>ierunt,</strong></span> <span class='ocrx_word' id='word_1_225' title='bbox 1209 3273 1243 3330; x_wconf 90' lang='lat' dir='ltr'><strong>in</strong></span> 
     </span>
     <span class='ocr_line' id='line_1_26' title="bbox 151 3389 1243 3466; baseline 0.003 -17"><span class='ocrx_word' id='word_1_226' title='bbox 151 3389 265 3462; x_wconf 86' lang='lat' dir='ltr'><strong>quibus</strong></span> <span class='ocrx_word' id='word_1_227' title='bbox 287 3404 353 3450; x_wconf 90' lang='lat' dir='ltr'><strong>nou</strong></span> <span class='ocrx_word' id='word_1_228' title='bbox 376 3392 451 3450; x_wconf 92' lang='lat' dir='ltr'><strong>satis</strong></span> <span class='ocrx_word' id='word_1_229' title='bbox 467 3393 589 3452; x_wconf 85' lang='lat' dir='ltr'><strong>valeant</strong></span> <span class='ocrx_word' id='word_1_230' title='bbox 608 3392 759 3466; x_wconf 76' lang='lat' dir='ltr'><strong>equitatis</strong></span> <span class='ocrx_word' id='word_1_231' title='bbox 780 3393 873 3452; x_wconf 85' lang='lat' dir='ltr'><strong>curiae</strong></span> <span class='ocrx_word' id='word_1_232' title='bbox 895 3391 994 3466; x_wconf 82' lang='lat' dir='ltr'><strong>adque</strong></span> <span class='ocrx_word' id='word_1_233' title='bbox 1006 3393 1243 3453; x_wconf 76' lang='lat' dir='ltr'><strong>parliamentum</strong></span> 
     </span>
     <span class='ocr_line' id='line_1_27' title="bbox 153 3507 500 3583; baseline 0.003 -16"><span class='ocrx_word' id='word_1_234' title='bbox 153 3520 203 3568; x_wconf 88' lang='lat' dir='ltr'><strong>res</strong></span> <span class='ocrx_word' id='word_1_235' title='bbox 217 3507 384 3569; x_wconf 76' lang='lat' dir='ltr'><strong>deterentia</strong></span> <span class='ocrx_word' id='word_1_236' title='bbox 398 3511 439 3568; x_wconf 89' lang='lat' dir='ltr'><strong>sit</strong></span> <span class='ocrx_word' id='word_1_237' title='bbox 450 3512 500 3583; x_wconf 79' lang='lat' dir='ltr'><strong>(l).</strong></span> 
     </span>
    </p>
   </div>
   <div class='ocr_carea' id='block_1_3' title="bbox 152 3630 1243 3821">
    <p class='ocr_par' dir='ltr' id='par_1_4' title="bbox 152 3630 1243 3821">
     <span class='ocr_line' id='line_1_28' title="bbox 188 3630 1243 3705; baseline -0.001 -17"><span class='ocrx_word' id='word_1_238' title='bbox 188 3631 293 3691; x_wconf 75' lang='lat' dir='ltr'><strong>Rome</strong></span> <span class='ocrx_word' id='word_1_239' title='bbox 307 3630 431 3705; x_wconf 85' lang='lat' dir='ltr'><strong>quidem</strong></span> <span class='ocrx_word' id='word_1_240' title='bbox 440 3631 526 3690; x_wconf 82' lang='lat' dir='ltr'><strong>fuere</strong></span> <span class='ocrx_word' id='word_1_241' title='bbox 536 3632 564 3689; x_wconf 91' lang='lat' dir='ltr'><strong>et</strong></span> <span class='ocrx_word' id='word_1_242' title='bbox 574 3644 684 3690; x_wconf 88' lang='lat' dir='ltr'><strong>censor</strong></span> <span class='ocrx_word' id='word_1_243' title='bbox 693 3633 723 3690; x_wconf 87' lang='lat' dir='ltr'><strong>et</strong></span> <span class='ocrx_word' id='word_1_244' title='bbox 732 3633 854 3704; x_wconf 81' lang='lat' dir='ltr'><strong>prator.</strong></span> <span class='ocrx_word' id='word_1_245' title='bbox 866 3635 979 3692; x_wconf 85' lang='lat' dir='ltr'><strong>censor</strong></span> <span class='ocrx_word' id='word_1_246' title='bbox 993 3636 1093 3692; x_wconf 87' lang='lat' dir='ltr'><strong>autem</strong></span> <span class='ocrx_word' id='word_1_247' title='bbox 1100 3631 1243 3702; x_wconf 89' lang='lat' dir='ltr'><strong>antiquos</strong></span> 
     </span>
     <span class='ocr_line' id='line_1_29' title="bbox 152 3745 1242 3821; baseline -0.002 -16"><span class='ocrx_word' id='word_1_248' title='bbox 152 3757 257 3805; x_wconf 87' lang='lat' dir='ltr'><strong>mores</strong></span> <span class='ocrx_word' id='word_1_249' title='bbox 271 3746 427 3821; x_wconf 81' lang='lat' dir='ltr'><strong>tuebatur,</strong></span> <span class='ocrx_word' id='word_1_250' title='bbox 441 3759 498 3806; x_wconf 89' lang='lat' dir='ltr'><strong>nec</strong></span> <span class='ocrx_word' id='word_1_251' title='bbox 513 3747 552 3805; x_wconf 84' lang='lat' dir='ltr'><strong>ad</strong></span> <span class='ocrx_word' id='word_1_252' title='bbox 567 3746 650 3806; x_wconf 89' lang='lat' dir='ltr'><strong>bona</strong></span> <span class='ocrx_word' id='word_1_253' title='bbox 664 3750 717 3806; x_wconf 90' lang='lat' dir='ltr'><strong>aut</strong></span> <span class='ocrx_word' id='word_1_254' title='bbox 732 3760 861 3821; x_wconf 83' lang='lat' dir='ltr'><strong>corpore</strong></span> <span class='ocrx_word' id='word_1_255' title='bbox 876 3749 1020 3807; x_wconf 84' lang='lat' dir='ltr'><strong>censoriae</strong></span> <span class='ocrx_word' id='word_1_256' title='bbox 1036 3760 1135 3819; x_wconf 85' lang='lat' dir='ltr'><strong>poenae</strong></span> <span class='ocrx_word' id='word_1_257' title='bbox 1150 3745 1242 3819; x_wconf 86' lang='lat' dir='ltr'><strong>perti·</strong></span> 
     </span>
    </p>
   </div>
   <div class='ocr_carea' id='block_1_4' title="bbox 188 4059 963 4400">
    <p class='ocr_par' dir='ltr' id='par_1_5' title="bbox 188 4059 541 4128">
     <span class='ocr_line' id='line_1_30' title="bbox 188 4059 541 4128; baseline -0.006 -16"><span class='ocrx_word' id='word_1_258' title='bbox 188 4059 218 4122; x_wconf 83' lang='lat' dir='ltr'><strong>tl)</strong></span> <span class='ocrx_word' id='word_1_259' title='bbox 237 4059 361 4114; x_wconf 82' lang='lat' dir='ltr'><strong>belant.</strong></span> <span class='ocrx_word' id='word_1_260' title='bbox 374 4060 459 4128; x_wconf 86' lang='lat' dir='ltr'><strong>juris,</strong></span> <span class='ocrx_word' id='word_1_261' title='bbox 476 4073 541 4114; x_wconf 84' lang='lat' dir='ltr'><strong>xrrr.</strong></span> 
     </span>
    </p>

    <p class='ocr_par' dir='ltr' id='par_1_6' title="bbox 190 4149 558 4217">
     <span class='ocr_line' id='line_1_31' title="bbox 190 4149 558 4217; baseline 0.005 -14"><span class='ocrx_word' id='word_1_262' title='bbox 190 4150 221 4214; x_wconf 70' lang='lat'><strong>(²)</strong></span> <span class='ocrx_word' id='word_1_263' title='bbox 240 4149 369 4217; x_wconf 76' lang='lat' dir='ltr'><strong>liugand,</strong></span> <span class='ocrx_word' id='word_1_264' title='bbox 382 4156 405 4205; x_wconf 86' lang='lat' dir='ltr'><strong>i.</strong></span> <span class='ocrx_word' id='word_1_265' title='bbox 422 4166 469 4216; x_wconf 81' lang='lat' dir='ltr'><strong>rx,</strong></span> <span class='ocrx_word' id='word_1_266' title='bbox 482 4162 508 4205; x_wconf 89' lang='lat' dir='ltr'><strong>e.</strong></span> <span class='ocrx_word' id='word_1_267' title='bbox 526 4166 558 4205; x_wconf 91' lang='lat' dir='ltr'><strong>u.</strong></span> 
     </span>
    </p>

    <p class='ocr_par' dir='ltr' id='par_1_7' title="bbox 189 4239 963 4400">
     <span class='ocr_line' id='line_1_32' title="bbox 191 4239 963 4309; baseline 0.004 -17"><span class='ocrx_word' id='word_1_268' title='bbox 191 4239 222 4303; x_wconf 83' lang='grc'><strong>(3)</strong></span> <span class='ocrx_word' id='word_1_269' title='bbox 243 4239 363 4307; x_wconf 83' lang='lat' dir='ltr'><strong>ortolan,</strong></span> <span class='ocrx_word' id='word_1_270' title='bbox 377 4239 427 4294; x_wconf 87' lang='lat' dir='ltr'><strong>toc.</strong></span> <span class='ocrx_word' id='word_1_271' title='bbox 444 4241 496 4294; x_wconf 82' lang='lat' dir='ltr'><strong>ott.</strong></span> <span class='ocrx_word' id='word_1_272' title='bbox 512 4242 534 4295; x_wconf 92' lang='lat' dir='ltr'><strong>l.</strong></span> <span class='ocrx_word' id='word_1_273' title='bbox 549 4256 573 4307; x_wconf 90' lang='lat' dir='ltr'><strong>r,</strong></span> <span class='ocrx_word' id='word_1_274' title='bbox 585 4255 647 4308; x_wconf 86' lang='lat' dir='ltr'><strong>pars</strong></span> <span class='ocrx_word' id='word_1_275' title='bbox 660 4245 689 4309; x_wconf 81' lang='lat'><strong>2,</strong></span> <span class='ocrx_word' id='word_1_276' title='bbox 704 4242 747 4297; x_wconf 84' lang='lat' dir='ltr'><strong>tit.</strong></span> <span class='ocrx_word' id='word_1_277' title='bbox 767 4256 789 4308; x_wconf 90' lang='lat' dir='ltr'><strong>r,</strong></span> <span class='ocrx_word' id='word_1_278' title='bbox 804 4256 830 4296; x_wconf 90' lang='lat' dir='ltr'><strong>c.</strong></span> <span class='ocrx_word' id='word_1_279' title='bbox 848 4255 884 4308; x_wconf 88' lang='lat' dir='ltr'><strong>u,</strong></span> <span class='ocrx_word' id='word_1_280' title='bbox 899 4243 919 4306; x_wconf 67' lang='lat' dir='ltr'><strong>i.</strong></span> <span class='ocrx_word' id='word_1_281' title='bbox 938 4245 963 4295; x_wconf 76' lang='lat' dir='ltr'><strong>i.</strong></span> 
     </span>
     <span class='ocr_line' id='line_1_33' title="bbox 189 4329 585 4400; baseline 0.018 -19"><span class='ocrx_word' id='word_1_282' title='bbox 189 4330 219 4395; x_wconf 74' lang='lat' dir='ltr'><strong>tt)</strong></span> <span class='ocrx_word' id='word_1_283' title='bbox 238 4329 409 4400; x_wconf 77' lang='lat' dir='ltr'><strong>ttaclstore,</strong></span> <span class='ocrx_word' id='word_1_284' title='bbox 424 4337 442 4388; x_wconf 88' lang='lat' dir='ltr'><strong>t.</strong></span> <span class='ocrx_word' id='word_1_285' title='bbox 456 4348 491 4400; x_wconf 88' lang='lat'><strong>11,</strong></span> <span class='ocrx_word' id='word_1_286' title='bbox 506 4347 529 4388; x_wconf 92' lang='lat' dir='ltr'><strong>c.</strong></span> <span class='ocrx_word' id='word_1_287' title='bbox 544 4336 585 4388; x_wconf 77' lang='lat' dir='ltr'><strong>tl.</strong></span> 
     </span>
    </p>
   </div>
   <div class='ocr_carea' id='block_1_5' title="bbox 0 0 1399 4868">
    <p class='ocr_par' dir='ltr' id='par_1_8' title="bbox 0 0 1399 4868">
     <span class='ocr_line' id='line_1_34' title="bbox 0 0 1399 4868; baseline 0 0"><span class='ocrx_word' id='word_1_288' title='bbox 0 0 1399 4868; x_wconf 95' lang='lat' dir='ltr'><strong> </strong></span> 
     </span>
    </p>
   </div>
  </div>
 </body>
</html>
