2782 4868
596 355 786 417 -llo-

145 533 156 561 a
178 508 266 568 rient.
284 510 383 566 sture
398 505 523 580 quidem
533 505 697 566 historicos
709 507 1011 580 increpultllaconus
1025 511 1079 584 qui
1093 507 1245 585 placendi

140 629 241 701 potius
257 639 349 700 quam
360 624 490 684 docendi
505 595 598 684 causa
608 625 740 684 scrihere
754 626 837 685 solili
847 628 951 701 erant3
967 627 1246 704 neaoaequslllsus

139 750 264 824 quidem
279 748 403 817 nostris,
416 761 594 820 quanquam
602 747 711 807 omnia
723 748 820 806 multo
837 745 958 807 lidelius
972 749 1085 808 referre
1098 750 1139 809 iis
1149 752 1244 812 cordi

138 871 193 942 est,
211 868 363 927 sumenda
377 869 450 926 sunt
466 865 605 938 exempla
615 865 694 939 juris
710 886 718 924 ι
738 879 804 925 non
822 867 947 940 eadem,
964 880 1032 940 qua
1053 868 1187 944 injure,
1203 873 1240 930 in

136 985 265 1045 historia
277 985 395 1059 valent,
407 984 453 1057 et,
473 984 562 1057 quasi
576 983 671 1058 levia,
688 982 785 1042 multa
802 982 1009 1056 negliguntur,
1025 985 1141 1059 quibem
1157 987 1235 1047 deli-

135 1102 297 1171 cientibus,
313 1114 423 1174 parum
438 1099 626 1159 auctoritatis
638 1098 753 1158 habent
766 1100 915 1171 exempla.
1019 1140 1022 1145 -
1106 1138 1109 1143 -

169 1223 233 1289 Quo
249 1213 351 1277 antem
366 1219 425 1277 ista
436 1219 648 1290 exemplorum
666 1217 831 1276 auctoritas
847 1216 954 1277 tendat
969 1218 1236 1281 considerandum

134 1342 179 1396 est
195 1357 202 1394 ε
228 1359 239 1388 o
259 1350 345 1395 xxxi.
361 1337 505 1408 Exempla
520 1338 553 1393 ln
574 1336 738 1395 consilium
763 1336 965 1411 adhibentur,
981 1351 1046 1397 non
1062 1339 1173 1412 utique
1184 1341 1234 1414 ju·

138 1477 149 1505 ιι
169 1455 243 1513 henl
258 1459 310 1513 aut
333 1456 496 1528 imperant.
511 1454 606 1527 igitur
620 1456 662 1514 ita
676 1459 836 1531 regantur,
852 1457 887 1516 nt
900 1458 1065 1522 auctoritas
1084 1460 1236 1532 preteriti

136 1596 147 1627 a
170 1575 317 1648 temporis
330 1575 470 1634 flectatur
484 1575 524 1633 ad
538 1589 630 1633 usum
644 1575 815 1647 presentis.
838 1599 850 1625 ι

168 1698 256 1771 Apud
273 1701 389 1757 veteres
405 1697 530 1770 quidem
541 1697 712 1769 plurimum
731 1697 854 1756 valuere
879 1697 1035 1772 exempla,
1050 1711 1176 1759 necnon
1190 1694 1235 1760 lor

133 1817 235 1876 ualere
250 1817 350 1876 solent
363 1816 416 1875 ulti
431 1830 536 1889 paucae
558 1817 639 1888 leges
661 1817 781 1890 scripte
796 1818 869 1876 sunt
886 1837 895 1875 z
915 1818 998 1891 quod
1018 1819 1079 1879 ille
1097 1834 1233 1883 vacuum

134 1935 320 2009 relinquunt,
337 1935 371 1993 id
386 1936 468 2007 leges
483 1950 547 1994 non
563 1937 682 2009 scripte
694 1938 858 2011 occupant,
873 1952 1004 2010 quorum
1017 1953 1090 2013 pars
1103 1942 1152 2000 est
1165 1956 1232 2003 non

133 2057 273 2130 minima,
290 2056 438 2128 exempla.
454 2056 510 2114 Ubi
524 2059 625 2114 autern
639 2056 779 2130 plurime
797 2057 881 2130 leges
897 2059 1002 2130 vigent
1014 2062 1043 2119 et
1056 2064 1231 2134 prasertim

133 2177 234 2236 nolin
250 2191 347 2235 unum
362 2179 476 2249 corpus
494 2175 617 2247 digesta
632 2177 722 2249 sunt,
735 2176 801 2248 jam
818 2179 1006 2249 argumentis
1021 2181 1092 2239 ante
1109 2183 1230 2259 omnia,

134 2309 174 2354 ne
187 2295 287 2354 dicam
301 2295 409 2368 unice,
422 2308 500 2368 opus
514 2296 573 2369 est3
586 2295 725 2368 exempla
740 2309 805 2354 non
820 2297 949 2357 omnino
961 2296 1153 2374 abjicienda,
1174 2302 1228 2361 sed

135 2414 172 2471 iis
187 2414 334 2472 illustrari
345 2414 445 2473 solent
458 2413 562 2486 polius
576 2427 671 2487 quam
686 2413 826 2487 adjurari
840 2415 1006 2484 orationes.

170 2536 214 2588 De
230 2529 405 2587 obscuritate
420 2528 529 2602 layum.
548 2549 562 2578 r
582 2543 635 2589 nli.
651 2530 825 2589 Obscuritas
841 2531 944 2602 legum
957 2545 976 2591 a
990 2535 1122 2605 quatuor
1137 2536 1231 2597 reum

136 2649 320 2721 «originem
342 2648 451 2708 ducit:
476 2648 526 2707 vel
548 2649 586 2706 ah
614 2649 857 2709 accumulatione
881 2651 983 2722 legum
1006 2652 1119 2731 nimia,
1149 2670 1228 2729 prae-

138 2790 149 2827 c
172 2769 277 2829 sertim
296 2769 441 2828 admixtis
467 2768 626 2841 obsoletis3
656 2769 706 2828 vel
725 2768 931 2842 descriptione
950 2783 1055 2830 earum
1083 2773 1231 2846 ambigua

80 2937 82 2942 .
138 2891 351 2950 «autminus
374 2890 537 2964 perspicua
563 2891 593 2948 et
618 2889 770 2963 dilucida;
796 2891 846 2951 rel
874 2905 893 2948 e
915 2891 1017 2950 modis
1044 2894 1230 2955 enucleandi

140 3037 154 3065 ι
170 3013 248 3088 juris
265 3013 411 3085 neglectis
432 3015 564 3073 autnon
583 3013 661 3073 hene
681 3012 830 3072 institutis
847 3013 895 3073 vel
914 3013 1047 3086 denique
1066 3027 1085 3074 a
1104 3019 1228 3076 contra·

138 3158 151 3190 s
172 3137 305 3197 dictione
321 3138 351 3195 et
365 3135 558 3196 vacillatione
571 3134 768 3208 judiciorum.
782 3155 795 3181 ·

171 3258 373 3316 accumulatis
391 3255 526 3327 legibus,
550 3268 614 3313 non
636 3254 752 3313 indicet
772 3254 961 3312 Verulamius
981 3255 1034 3326 qul
1047 3256 1233 3328 expediatur

134 3378 246 3451 judex,
262 3376 322 3434 nisi
337 3389 355 3445 a
368 3376 470 3446 legum
484 3375 598 3447 latore,
615 3388 696 3433 nova
710 3374 813 3445 legum
828 3374 945 3445 digesta
962 3373 1126 3434 condente.
1141 3379 1230 3436 Post-

136 3512 228 3572 quam
242 3496 366 3556 condita
380 3497 453 3553 sunt
474 3495 604 3566 digesta,
621 3495 722 3566 prisea
734 3493 812 3566 juris
822 3495 1024 3573 monumenta
1040 3495 1232 3557 delerirelal

135 3617 251 3692 noster,
265 3615 345 3673 recte
359 3611 504 3686 quidem,
520 3614 549 3669 et
567 3632 580 3660 α
599 3610 632 3669 in
648 3610 749 3669 causis
762 3610 953 3682 gravioribus
967 3611 1070 3682 legum
1089 3613 1229 3685 preterl-

136 3751 153 3791 o
172 3738 271 3793 tarum
286 3733 470 3792 mutationes
484 3733 514 3791 et
528 3731 620 3789 series
635 3730 754 3791 consuli
771 3732 800 3789 et
815 3730 925 3804 inspici
942 3750 954 3781 s
969 3730 1056 3803 jubet
1071 3731 1125 3802 (ll.
1182 3720 1187 3727 ’

174 3875 187 3903 ι
204 3867 287 3913 nrrr.
307 3856 390 3911 Hanc
402 3854 519 3925 partem
534 3852 572 3910 de
582 3851 796 3910 incertitudine
807 3850 910 3922 legum
925 3864 992 3924 quae
1009 3863 1045 3909 ex
1059 3851 1231 3924 maiades·

138 3996 151 4023 a
172 3973 322 4045 eriptione
340 3973 476 4045 ipsarum
491 3975 593 4033 ortum
608 3972 709 4045 hahet,
730 3971 828 4031 fusius
840 3971 1039 4052 tractabimus
1050 3973 1232 4045 quandode
