2782 4868
600 423 641 436 -
667 392 723 452 lit
749 421 790 434 -

152 570 164 600 s
187 546 388 619 cognovimus
404 547 438 603 et
450 544 666 617 plenissimum
688 545 864 601 nostrarum
879 540 1133 600 constitutionum
1148 540 1241 598 robur

155 690 166 716 ι
190 666 234 724 eis
244 663 546 729 accommodavimus
562 661 615 735 (t).
636 682 647 713 u
664 660 712 719 Nil
726 661 860 719 mirum:
878 659 1069 718 tustinionus
1083 659 1166 717 enim
1180 673 1241 716 ma-

147 788 215 860 jore
226 799 331 859 amora
346 785 496 869 quidquid
512 783 675 856 scripserat
697 783 820 843 fovebat
841 795 935 854 quam
953 782 988 839 ut
1008 780 1085 838 illud
1104 794 1160 852 pro
1175 781 1241 840 vul-

147 910 215 981 gari
243 906 463 967 commentario
486 905 608 978 baberi,
635 919 699 964 non
720 919 777 977 pro
802 903 1011 962 sacratissima
1032 903 1097 973 lege
1128 901 1243 960 servari

153 1029 316 1100 pateretur.
333 1027 479 1085 Praeterea
495 1025 734 1098 supradiximus
749 1038 813 1083 non
833 1023 937 1082 minus
952 1023 1018 1094 ejus
1033 1021 1243 1079 institutiones

147 1143 303 1216 judicibus
321 1157 414 1215 quam
437 1143 603 1215 juvenibus
627 1142 796 1216 profuisse,
818 1143 903 1215 quod
929 1142 1092 1201 manifeste
1117 1141 1243 1199 testatur

150 1265 346 1338 prooemium.
374 1264 449 1332 Quia
460 1263 580 1335 judices
595 1262 695 1333 ignari
713 1265 809 1334 erant,
832 1262 1040 1321 institutiones
1055 1262 1117 1319 tam
1128 1261 1244 1332 pollere

151 1394 244 1453 quam
258 1381 339 1451 leges
356 1380 448 1452 jussit
472 1379 657 1452 imperator3
683 1379 756 1450 qula
775 1377 986 1437 institutiones
1010 1377 1129 1448 legibus
1150 1377 1242 1448 aequi·

151 1499 264 1572 parate
288 1502 391 1571 erant,
416 1498 515 1569 magis
538 1499 697 1570 magisque
723 1498 849 1568 ignaros
874 1497 954 1557 istos
981 1498 1114 1556 evasisse
1138 1497 1242 1556 verisi-

152 1618 225 1675 mile
240 1620 294 1677 est.

187 1740 306 1796 Bacono
330 1738 432 1795 autem
457 1749 522 1795 non
546 1749 624 1808 opus
646 1735 705 1795 brit
719 1735 815 1794 libros
840 1735 1012 1792 munitiores
1032 1749 1102 1793 cum
1127 1734 1244 1806 legibus

76 1932 79 1936 ι
152 1855 324 1928 adequare.
346 1857 500 1924 Quantum
514 1854 617 1913 valere
630 1855 751 1927 juberet
764 1854 879 1912 librum
896 1855 933 1913 rie
948 1855 1069 1926 negruis
1086 1855 1164 1927 juris
1180 1855 1244 1924 ipse

151 1975 337 2034 declaravit:
357 1998 368 2025 ‹
388 1966 499 2035 lxxxv.
517 1977 605 2039 Recte
620 1975 744 2047 jubetur
760 1975 803 2049 (ἢ)
820 1977 854 2034 ut
868 1990 933 2035 non
948 1989 986 2033 ex
1000 1976 1112 2047 regulis
1126 1976 1178 2048 jus
1194 1989 1243 2032 su·

154 2117 168 2148 r
188 2098 306 2168 matur,
323 2097 378 2154 sed
392 2111 429 2154 ex
441 2097 510 2169 jure
524 2096 608 2169 quod
623 2099 669 2154 est
683 2097 788 2168 regula
802 2095 856 2156 fiat
868 2117 875 2154 ε
887 2111 987 2170 neque
1001 2096 1085 2155 enim
1096 2110 1132 2154 ex
1145 2095 1245 2155 verbis

156 2217 300 2288 «regula
315 2216 449 2289 petenda
464 2218 510 2274 est
526 2215 687 2290 probatio,
704 2230 739 2275 ac
762 2216 788 2273 si
810 2217 890 2274 esset
910 2217 1007 2274 tentus
1021 2215 1115 2286 legis:
1141 2214 1247 2285 regula

153 2360 167 2388 s
188 2338 271 2397 enim
288 2337 386 2408 legem
402 2335 448 2410 (ut
472 2351 544 2396 aeus
561 2337 704 2411 nautica,
721 2337 823 2410 polos)
849 2337 981 2409 indicat,
1007 2350 1072 2395 non
1097 2337 1242 2394 statuit.»

153 2454 237 2512 ldem
253 2454 291 2512 de
310 2453 418 2511 ceteris
433 2452 521 2510 libris
536 2451 619 2524 apud
636 2465 709 2511 eum
726 2451 864 2512 obtinere
883 2451 1012 2510 minime
1032 2451 1159 2510 dubium
1179 2454 1242 2510 cst:

156 2576 368 2647 «exlegibus
394 2575 470 2648 ipsis
495 2589 562 2648 quae
584 2576 635 2648 jus
655 2588 819 2633 commune
843 2574 1051 2644 constituunt,
1075 2573 1185 2631 deinde
1209 2586 1245 2630 ex

156 2713 171 2747 e
191 2692 462 2754 constitutionibus
477 2695 542 2754 sive
554 2694 691 2767 statutis,
703 2693 869 2752 tertioloco
883 2707 919 2751 ex
932 2692 1056 2766 judiciis
1070 2693 1246 2766 perscriptis

157 2836 170 2864 o
191 2815 615 2888 eorpusjuristantummodo
630 2813 1033 2886 perscribitorrraterilla,
1053 2813 1245 2870 aliaauthen·
1338 2781 1341 2791 Ι

159 2952 172 2987 α
193 2935 251 2994 tica
274 2937 327 2993 aut
341 2935 427 2993 nulla
451 2937 542 2992 sunto
558 2936 610 2991 aut
624 2946 714 3005 parce
735 2933 923 3004 recipiuntor
939 2932 993 3003 (3).
1012 2953 1024 2981 r
1052 2934 1136 2989 Patet
1158 2932 1245 2990 libris

157 3047 354 3112 auxiliaribus
371 3053 491 3112 nullum
508 3053 541 3110 in
557 3066 685 3124 corpore
698 3051 777 3124 iuris
803 3051 935 3123 relinqui
956 3052 1058 3111 locum
1076 3071 1082 3108 :
1108 3066 1173 3110 non
1194 3066 1246 3110 eos

158 3175 237 3232 inter
253 3193 265 3224 r
284 3174 398 3247 scripta
412 3173 610 3232 authentica»
631 3173 801 3241 numerari3
829 3186 892 3230 non
905 3172 988 3230 enirn
999 3185 1052 3229 cos
1066 3172 1140 3229 sinit
1154 3175 1244 3229 baco-

159 3311 219 3354 nus
238 3296 407 3370 quidquam
423 3309 490 3354 esse
504 3297 614 3368 praetcr
629 3295 786 3355 auxilium.

194 3420 300 3478 Nescio
311 3434 350 3478 an
366 3420 405 3477 ad
421 3421 496 3478 istos
511 3417 632 3476 extendi
648 3417 779 3476 uoluerit
795 3416 888 3474 verba
904 3416 942 3474 de
957 3415 1156 3488 scriptoribus
1170 3415 1244 3472 ctas-

159 3543 227 3595 secte
245 3559 254 3594 .·
280 3543 344 3598 rln
365 3541 465 3599 causis
492 3540 636 3612 agonum,
653 3538 686 3595 in
701 3537 768 3596 foro
785 3537 877 3595 citare
896 3551 949 3595 eos
969 3552 1032 3596 non
1053 3536 1245 3609 permittitur,

165 3678 176 3705 ι
197 3656 296 3714 necin
312 3657 522 3716 auctoritatem
537 3657 715 3715 transeunto
728 3656 780 3728 (l).
801 3679 813 3707 t
832 3656 927 3724 Quod
948 3655 973 3712 si
991 3654 1067 3712 nibil
1090 3653 1174 3710 aliud
1194 3655 1245 3710 ba-

197 4093 226 4151 tlt
247 4092 363 4144 Institut.
382 4089 547 4143 Prooemium.
562 4091 582 4153 Ξ.
597 4094 621 4143 6.

196 4183 225 4243 tit
246 4181 369 4242 libante,
385 4181 442 4245 big.
458 4182 491 4235 de
506 4180 615 4245 [tegulis
627 4180 708 4243 juris,
724 4178 741 4231 l.
760 4187 779 4229 ι.

197 4275 228 4334 (3)
249 4273 285 4326 lio
297 4272 421 4325 lontibus
432 4274 501 4338 juris
513 4313 518 4324 ,
533 4285 641 4325 cnxrrr.

200 4368 229 4426 tlt
250 4365 315 4417 lbirl.
339 4378 457 4418 currui.
