2782 4868
614 333 783 393 ..57-

147 499 232 546 sonae
248 484 416 557 inhaerent,
432 497 496 542 una
517 495 587 542 eum
608 498 644 543 ee
659 485 846 557 naseuntur,
863 498 920 543 ner
941 484 994 544 alii
1016 485 1152 558 cuidam,
1174 487 1235 545 nisi

147 618 266 676 arege,
283 603 505 663 communicari
517 603 643 676 queunt.
655 604 732 662 Gens
742 602 824 664 victa
838 604 939 676 regni,
955 617 1020 663 non
1035 604 1149 675 Angliae
1165 618 1237 678 pars

146 724 292 786 habenda
301 725 362 797 est,
373 736 529 797 quumque
543 723 630 783 nullo
643 723 738 794 regali
752 723 911 797 privilegio
924 723 1038 782 denaia
1048 724 1102 799 sit,
1113 738 1237 784 neeesse

148 845 196 903 est
210 843 340 904 omnino
360 858 394 903 ex
415 857 484 916 rege
500 844 643 918 pendeat.
656 844 742 904 Multi
757 843 883 918 quidem
897 845 1008 904 notant
1023 845 1125 916 englis
1143 844 1235 915 bona,

147 964 263 1038 quihus
277 965 430 1037 fruantur,
447 963 587 1039 sordere,
600 963 662 1022 nisi
676 963 816 1037 ipsorum
831 964 895 1022 sint
907 965 1034 1038 propria
1048 966 1138 1038 atque
1151 979 1239 1039 peru-

148 1082 240 1160 liaria
259 1080 314 1156 (ii.

183 1203 218 1259 V.
237 1213 328 1261 dures
340 1213 389 1262 sir
403 1210 502 1261 deds
517 1194 655 1260 derdere.
672 1231 705 1242 -
721 1200 813 1275 cujus
827 1202 874 1260 esi
885 1203 967 1273 leges
981 1201 1078 1276 ferre,
1095 1201 1235 1274 ejusdem

149 1321 198 1378 est
212 1333 264 1379 eas
281 1321 311 1378 et
328 1320 448 1379 mutare
465 1322 496 1378 et
517 1319 679 1391 corrigere.
699 1319 779 1390 Quin
798 1322 828 1380 ei
846 1320 919 1380 huie
939 1320 1154 1380 confirmanda
1173 1335 1240 1381 esse

148 1453 233 1499 nova
257 1438 374 1511 digesta
396 1441 499 1510 legum
523 1441 627 1498 censet
650 1441 757 1498 nester
777 1439 831 1514 (d),
856 1440 996 1514 quamvis
1016 1441 1098 1512 leges
1119 1440 1239 1499 tentum

149 1558 255 1630 colligi
283 1560 314 1618 ei
342 1558 383 1618 ad
408 1572 507 1617 unum
537 1571 648 1632 eorpus
676 1556 792 1634 redigi,
818 1573 883 1618 non
907 1560 1021 1619 mutari
1045 1560 1239 1620 videantur:

152 1700 166 1727 ι
187 1679 306 1736 Novum
320 1679 423 1736 autem
437 1674 619 1748 hujusmodi
632 1689 745 1748 eorpus
759 1677 861 1746 legum
877 1677 915 1735 ab
937 1677 976 1734 iis
995 1677 1048 1749 qui
1069 1676 1102 1733 in
1124 1675 1240 1750 politiis

153 1816 166 1845 ι
186 1794 319 1866 singulis
337 1794 453 1854 habent
468 1794 650 1869 potestatem
666 1794 886 1867 legislatoriam
905 1807 1033 1868 prorsus
1052 1793 1242 1853 confirman-

154 1934 167 1965 u
189 1914 263 1973 dum
282 1916 343 1990 est,
364 1928 404 1974 nr
423 1915 519 1989 forte,
536 1915 685 1988 pretextu
707 1915 825 1974 veteres
847 1912 931 1986 leges
953 1901 1133 1990 digerendi,
1157 1913 1240 1985 leges

152 2055 164 2084 α
186 2045 275 2093 nove
289 2033 490 2106 imponantur
506 2031 637 2092 oredito.
656 2053 667 2085 ii

188 2403 220 2468 (ι)
231 2403 262 2456 d.
277 2399 397 2466 digerit,
411 2399 615 2456 conversations
626 2364 944 2471 morderetliiidraires.
960 2397 1011 2452 Des
1021 2395 1159 2452 dirennes.

188 2492 272 2560 (iidie
282 2492 356 2548 dont.
368 2491 453 2559 iuris,
464 2504 544 2545 exur.
