2782 4868
594 376 784 437 -117-

141 531 258 604 quest?
280 530 418 590 ·cusus,
435 526 483 583 oui
505 526 610 585 nullus
632 531 678 586 est
699 540 881 598 germanus,
901 527 942 586 uit
967 531 1070 588 noster
1085 532 1144 607 tit,
1162 533 1234 594 hinc¹

145 675 159 704 «
181 652 305 726 spurius
320 662 397 720 esse,
410 662 476 706 non
486 648 643 719 legitimus
658 648 790 708 videtur.
805 670 816 696 o
1004 630 1007 634 “

179 781 225 833 De
246 769 390 844 eoemple's
413 775 441 826 et
467 785 525 825 usu
552 784 654 826 eorum
680 769 734 842 (i).
769 770 1027 830 Consuetudinem
1062 787 1129 847 quae
1164 775 1238 850 leuis

142 893 253 965 speeies
280 891 341 962 est,
371 889 401 947 et
434 888 574 961 exempla
596 903 662 962 quoe
692 902 751 960 per
775 886 963 962 frequentem
992 907 1081 948 osum
1110 897 1142 949 to
1170 912 1234 952 eoo·

142 1007 334 1085 mendenen,
357 1009 552 1076 transierunt,
580 1013 727 1082 tunquam
760 1006 853 1080 leuem
881 984 1020 1081 testium,
1048 1013 1161 1072 omittit
1181 1019 1235 1074 Bo-

144 1141 260 1198 oonus,
299 1126 338 1185 de
371 1126 410 1184 iis
449 1126 511 1185 ulio
547 1127 617 1186 loco
649 1125 814 1214 dicturus:
843 1126 1034 1187 desideratur
1068 1133 1170 1192 autem
1204 1135 1240 1192 de

143 1247 351 1307 oomoetodioe
370 1246 468 1321 libor3
487 1247 538 1305 viu
561 1259 629 1306 eam
648 1247 753 1305 nostor
775 1246 875 1317 attigit
896 1247 929 1304 in
954 1248 1087 1321 scriptis.
1108 1255 1239 1312 consue·

144 1367 248 1427 tudini
267 1367 395 1427 ‘cuidam
418 1381 455 1425 ex
475 1369 607 1439 quatuor
630 1366 722 1425 robus
749 1367 930 1438 dignitatem
955 1370 1099 1431 accedero
1132 1379 1239 1446 putat:

146 1509 160 1539 ι
182 1487 371 1558 Quodvetus
388 1485 514 1557 illusit,
534 1498 600 1544 non
625 1497 752 1544 rooons:
782 1485 865 1557 quod
878 1487 1090 1548 auctoritatem
1114 1490 1240 1565 habeat,

147 1628 160 1658 o
181 1621 248 1667 non
264 1605 441 1679 popularis,
457 1617 521 1662 non
537 1603 673 1673 vulgaris
687 1602 728 1659 sit
745 1620 752 1658 ε
769 1602 871 1677 quod,
888 1605 1033 1663 omnihus
1055 1607 1240 1684 valentibus,

147 1747 162 1778 ι
183 1727 217 1785 in
237 1724 343 1797 vigore
360 1736 428 1782 esse
441 1723 589 1795 ooeperit,
610 1734 771 1794 nunquam
785 1721 977 1796 interrupta,
999 1738 1160 1799 nunquam
1178 1729 1238 1789 liti·

149 1870 163 1898 ι
182 1845 288 1918 giosa3
310 1843 412 1918 quod,
427 1842 481 1900 ubi
502 1841 598 1900 resin
612 1840 783 1914 questione
795 1840 869 1916 fuit,
892 1842 987 1901 semei
1001 1844 1110 1902 saltem
1120 1845 1241 1918 judicto

149 1986 164 2013 α
183 1967 368 2020 controverso
390 1957 573 2019 confirmatu
595 1957 637 2015 sit
655 1954 710 2030 (3).
735 1979 747 2008 o
776 1960 818 2015 Ne
842 1959 945 2018 tamen
973 1964 1166 2024 consuetudo
1190 1981 1241 2024 su-

145 2079 233 2152 perot
248 2077 366 2147 legem:
384 2095 396 2126 u
414 2073 528 2145 Regula
542 2073 609 2132 haeo
626 2087 705 2133 sana
721 2074 875 2148 planoque
885 2075 1003 2136 obtinet
1013 2080 1110 2153 quod,
1126 2080 1180 2140 ubi
1193 2083 1242 2142 lex

149 2220 162 2248 α
184 2199 329 2271 appareat
343 2195 513 2266 contraria,
535 2164 562 2252 ei
582 2194 703 2253 obstare
717 2195 911 2254 consuetudo
931 2201 1077 2272 nequeat3
1094 2214 1162 2273 quae
1182 2204 1239 2261 mi-

149 2340 162 2371 ι
183 2319 268 2377 nime
281 2315 528 2389 regulandum,
540 2317 656 2387 optimo
672 2314 771 2388 quom
788 2318 933 2387 interpres
942 2318 1128 2393 consuetudo,
1138 2320 1238 2394 iaedit3

148 2460 162 2488 o
183 2434 374 2497 consuetudo
386 2434 575 2505 enimiegem
586 2433 779 2506 interpretari
788 2434 898 2510 potest,
910 2450 1089 2510 quanquam
1099 2440 1241 2499 eamdem

148 2579 163 2609 α
184 2570 328 2631 superare
340 2569 405 2616 non
416 2557 517 2630 potest
532 2553 613 2628 (tto

183 2678 250 2733 ium
265 2673 305 2732 ad
316 2674 574 2748 exemplasparoa
585 2675 783 2732 revertamur.
799 2674 885 2733 Unde
901 2673 963 2733 sint
972 2675 1106 2748 petendu
1125 2678 1240 2752 optime

147 2795 239 2854 dooet
249 2799 389 2854 Baoonus
405 2808 412 2847 :
433 2806 533 2853 uxxu.
549 2793 1020 2867 Exempiaotemporibushonis
1030 2796 1060 2853 et
1073 2796 1242 2856 moderatis

149 2935 164 2966 «
183 2914 317 2988 petendu
330 2917 419 2988 sunt,
435 2927 499 2972 non
521 2912 691 2986 tyrannicis
707 2914 760 2971 aui
774 2912 911 2971 factiosis
925 2915 978 2972 aut
992 2913 1160 2973 dissolutis.
1181 2918 1240 2974 Hu-
1277 2980 1281 2989 ,

151 3054 164 3084 ο
181 3031 320 3106 jusmodi
335 3032 475 3106 exemplu
489 3030 636 3103 temporis
648 3032 755 3103 partus
772 3030 869 3104 spurii
885 3034 958 3089 sunt
973 3035 1002 3090 et
1015 3033 1115 3105 magis
1129 3038 1243 3094 nocent

151 3173 165 3199 a
184 3161 277 3227 quum
287 3148 426 3208 docent.»
441 3149 508 3207 Non
519 3147 602 3206 enim
610 3145 690 3218 juris
698 3146 838 3219 exempla
847 3145 998 3205 trahenda
1012 3151 1085 3206 sunt
1100 3151 1241 3223 stempo-

148 3265 235 3324 ribus
244 3265 311 3325 istis
326 3263 447 3338 quihus,
464 3267 498 3324 ut
512 3264 555 3323 sit
564 3264 690 3335 Tullius,
705 3284 716 3315 o
729 3277 795 3321 non
807 3262 859 3336 jus
870 3277 937 3322 esse
946 3263 1048 3322 visum
1061 3269 1107 3323 esi
1117 3265 1150 3324 in
1160 3267 1240 3340 foro,

152 3402 165 3430 α
185 3392 284 3454 neque
295 3379 428 3454 judicia,
448 3386 501 3440 sed
520 3379 567 3441 vis
582 3381 612 3439 et
625 3378 790 3438 crudelitas
811 3377 1008 3439 othonorum
1023 3379 1132 3439 acerba
1151 3382 1241 3455 atque

151 3521 164 3550 o
185 3499 315 3572 indigna
329 3500 472 3575 direptio,
492 3525 503 3551 ι
520 3500 574 3559 uhi
588 3498 812 3572 hominesplus
830 3498 1013 3571 quamleges
1028 3500 1163 3572 potuere.
1175 3502 1240 3558 imo

150 3618 366 3693 quodcumque
387 3625 460 3679 tono
480 3620 595 3680 factum
616 3619 677 3691 est,
701 3617 789 3688 quasi
808 3616 975 3689 injustum,
998 3616 1193 3690 fugiendum,
1212 3621 1242 3673 ot

186 4062 216 4123 ti)
234 4060 287 4115 The
300 4060 473 4127 iurisdietion
485 4061 513 4116 oi
524 4061 569 4116 tho
579 4062 715 4117 marshes.

186 4153 216 4216 (it
234 4164 371 4208 xxi-xxxi
382 4194 388 4221 ,
401 4157 437 4209 ite
450 4155 577 4209 Fontibus
589 4157 670 4222 luris.

185 4244 217 4309 (3)
235 4245 287 4298 Tine
298 4245 470 4310 jurisdiction
482 4245 510 4300 oi
523 4247 567 4301 the
578 4248 714 4303 marshes.

184 4333 215 4399 (i)
235 4335 319 4401 ibid,
340 4335 369 4389 in
390 4337 455 4389 dno.
