2782 4868
594 372 781 434 -tta-

146 525 228 584 cium
257 539 292 582 ex
320 522 461 596 equitate
481 523 613 582 rescindi
637 524 745 596 possit,
772 523 832 580 nlsl
858 524 943 581 actor
966 523 1006 581 sit
1033 531 1182 600 tanquam
1206 532 1239 586 tn

147 643 274 702 vtnnnlo.

180 764 258 833 lam,
276 760 311 817 nt
333 759 434 816 solent
455 738 639 830 quicumque
659 755 872 828 magistratum
896 755 1021 832 ineunt,
1046 761 1173 821 nullum
1192 767 1239 822 est

145 879 255 939 vitium
266 877 349 952 quod
362 891 427 936 non
443 891 461 936 a
476 890 508 935 se
523 879 694 936 correctum
709 876 747 934 iri
761 877 857 949 jactet
872 878 1077 939 Verulamius.
1096 886 1161 942 llos
1180 884 1240 943 fuit

146 998 180 1056 in
196 995 347 1068 ambiguis
364 996 465 1054 causis
484 994 667 1054 sententiam
681 995 721 1054 ad
735 998 854 1069 tempus
873 996 976 1054 statim
992 996 1082 1071 terre,
1098 998 1175 1058 dum
1189 1013 1240 1059 res

146 1115 180 1174 ln
195 1115 363 1188 quaesnnne
378 1117 475 1173 esset:
492 1128 584 1189 quem
596 1128 662 1173 non
675 1115 814 1188 increpat
827 1114 879 1173 ille
895 1134 903 1172 z
922 1100 939 1165 n
955 1117 1031 1175 Nam
1051 1117 1239 1192 quicumque

150 1255 162 1286 n
182 1247 248 1292 non
261 1233 442 1306 prudentior
456 1236 502 1292 est
520 1248 557 1292 ex
571 1234 702 1294 consilio
720 1247 813 1307 quam
828 1247 862 1292 er
877 1234 1056 1309 improviso,
1072 1249 1173 1311 neque
1188 1237 1239 1297 ille

150 1373 162 1404 r
182 1355 228 1411 cst
242 1352 423 1425 prudentior
436 1352 763 1427 quinquagintaquam
779 1354 904 1425 triginta
915 1368 1015 1413 annos
1030 1357 1134 1414 natus.
1144 1397 1166 1415 ..
1182 1356 1240 1416 sed

149 1493 160 1524 «
181 1484 261 1544 sepe
283 1473 384 1531 evenit
399 1475 432 1530 ut
452 1477 559 1546 postea
577 1486 593 1532 e
609 1473 761 1533 memoria
777 1474 892 1547 judicis
917 1475 1072 1534 laberetur
1092 1447 1191 1536 cansa
1207 1483 1238 1537 et

148 1602 289 1648 «rursus
314 1590 432 1650 oranda
459 1595 538 1649 esset
567 1591 661 1664 longo
690 1595 761 1665 post
784 1594 964 1665 tempore...
1002 1573 1239 1670 ligo'quidem,

151 1722 298 1785 ‹paucos
317 1710 382 1769 dies
401 1714 471 1784 post
491 1711 627 1771 auditam
647 1726 789 1786 causam,
812 1713 967 1772 decretum
986 1714 1110 1776 faciam.
1132 1739 1145 1767 n

183 1832 307 1889 Restant
320 1833 535 1903 injunctiones,
558 1845 637 1904 quas
656 1832 788 1891 libenter
807 1845 878 1891 eum
899 1834 1046 1892 Romanis
1062 1833 1238 1896 interdictis

148 1950 305 2008 conferam
322 1948 374 2021 (l).
397 1949 511 2007 Pretor
529 1949 613 2008 enim
632 1963 697 2008 non
718 1953 839 2010 tantum
855 1951 1104 2024 jurisdictionem
1119 1953 1240 2030 babuit,

147 2065 202 2124 sed
218 2077 313 2137 quum
335 2077 429 2137 penes
444 2077 515 2122 eum
530 2067 609 2123 esset
624 2065 789 2139 imperium
808 2067 959 2141 mixtum,
973 2068 1127 2159 *quadam
1141 2069 1238 2144 impe-

147 2196 230 2257 rare,
248 2183 390 2258 quedam
403 2183 566 2256 probibere
584 2188 712 2259 poterat.
733 2189 799 2245 Non
816 2187 905 2246 aliter
919 2161 1104 2248 cancellario
1120 2193 1238 2265 injunc-

148 2307 242 2361 tiones
251 2303 409 2376 permissa
424 2303 559 2363 fuerunt.
575 2307 640 2364 lmo
655 2305 765 2364 iisdem
776 2305 813 2364 de
824 2306 916 2365 rebus
929 2309 1129 2376 tntnncttones
1146 2312 1239 2385 atque

145 2423 307 2482 interdicta
332 2423 505 2498 obtinuere,
530 2425 744 2500 precipueque
774 2426 814 2485 ad
836 2427 1065 2499 possessionem
1090 2432 1240 2492 tuendam

147 2541 285 2600 adbibita
299 2543 381 2600 sunt.
400 2562 412 2592 e
429 2542 536 2611 Quoad
549 2545 744 2615 injunctiones
763 2543 800 2602 dc
819 2545 1028 2619 possessione,
1051 2546 1090 2605 iis
1108 2547 1239 2609 servabo

62 2738 66 2744 .
149 2682 161 2712 l
182 2661 410 2735 possessionem
426 2661 538 2733 quibus
557 2660 611 2720 illa
628 2662 737 2735 fuerit,
760 2665 790 2722 et
808 2663 861 2721 lite
881 2667 1067 2741 contestata,
1091 2667 1122 2725 et
1136 2668 1237 2732 totum

152 2796 303 2842 nannum
327 2783 413 2855 ante,
443 2781 505 2840 nisi
530 2782 598 2855 quis
622 2785 675 2841 aut
702 2783 733 2842 vi
757 2786 810 2842 aut
836 2784 908 2843 dolo
934 2785 1093 2858 possidere
1119 2791 1238 2862 coeptus

150 2924 165 2954 e
186 2903 243 2962 erit
261 2902 316 2976 (a).
337 2924 349 2955 n
372 2903 519 2961 Nonnulli
541 2905 642 2962 autem
662 2902 908 2976 injunctionibus
926 2904 1011 2963 abuti
1033 2906 1237 2982 conabantur,

149 3024 187 3084 iis
205 3024 385 3098 impetratis,
406 3036 532 3083 causam
549 3024 723 3083 trabentes:
742 3044 754 3077 α
772 3025 999 3084 Dormientibus
1018 3027 1122 3086 autem
1137 3028 1235 3101 pulvi·

43 3177 45 3182 ·
151 3165 162 3195 ε
184 3158 260 3203 num
280 3145 393 3204 durum
414 3148 611 3218 tnjnncttones
629 3144 760 3216 taciam3
784 3145 809 3203 si
833 3145 917 3203 enim
936 3146 1021 3205 actor
1046 3151 1162 3222 cessat,
1182 3149 1235 3206 ubi

151 3263 417 3335 «expergeretur,
440 3276 505 3321 non
521 3262 615 3321 modo
630 3262 775 3321 rescisam
793 3261 1038 3336 injunctionem,
1056 3261 1111 3321 sed
1127 3264 1158 3322 et
1172 3278 1237 3324 sese

151 3381 298 3442 «victum
319 3383 438 3442 sentiet.
461 3405 472 3435 n

184 3503 220 3559 ln
238 3500 317 3560 libro
337 3502 374 3557 de
393 3501 535 3558 Fonttlnr
548 3504 634 3574 jnn's
654 3515 693 3560 ne
711 3503 802 3561 curies
822 3503 972 3576 pretoria
991 3503 1045 3561 nni
1065 3503 1133 3562 viro
1152 3517 1235 3564 com-

148 3621 309 3681 mittantur
319 3620 436 3681 suadet.
453 3622 646 3681 Britannicus
656 3634 728 3682 vero
737 3621 936 3682 cancellarius
951 3623 984 3681 in
994 3637 1051 3682 sua
1064 3623 1238 3683 curiaunus

182 4057 212 4120 (l)
233 4055 267 4107 lt.
286 4053 449 4120 Laboulape,
463 4051 563 4108 Etudes
576 4068 624 4107 scr
642 4053 669 4108 lo
687 4051 824 4123 Propritte
842 4048 976 4105 titttnoite
994 4063 1026 4103 en
1044 4047 1149 4102 France
1165 4053 1190 4102 ct
1207 4065 1239 4102 en

148 4144 316 4214 inplerent,
338 4159 368 4212 p.
391 4149 438 4209 68,
460 4145 568 4199 easdem
588 4158 650 4197 cnm
673 4144 774 4198 nostris
800 4141 894 4210 re'fere's
917 4139 1037 4202 conicrt;
1061 4139 1150 4192 nostri
1173 4153 1239 4192 vero

147 4233 243 4303 referto
255 4236 395 4290 sententiis
407 4236 462 4288 illis
478 4235 511 4288 ad
526 4239 632 4301 tempus
644 4234 706 4287 latis
720 4234 810 4301 potius
822 4231 927 4288 similes
938 4244 1000 4286 csse
1015 4228 1082 4282 milri
1094 4228 1235 4284 videniur.

184 4327 212 4391 ri)
233 4327 271 4380 di.
298 4326 440 4382 interdicta
464 4326 534 4381 undo
554 4328 596 4392 ri,
621 4329 673 4379 etc.
