2782 4868
609 377 778 442 ...99-

144 534 227 606 Quid
242 532 315 592 inde
337 531 541 604 consequatur
563 544 635 591 mor
656 533 800 607 apparet3
816 530 1056 605 perduellionem
1080 543 1146 591 esse
1170 530 1239 591 iilos

146 652 302 724 occidere,
317 663 383 709 non
397 650 484 709 aliter
498 650 590 735 atque
607 650 633 708 si
646 651 718 722 Regi
732 651 779 709 vis
794 624 942 708 inferatur
953 642 1006 724 (i).
1023 689 1025 692 -

149 779 324 838 -.Baconus
341 785 402 846 quo
417 773 507 846 pacto
527 773 643 846 judicia
661 773 695 831 in
716 773 872 832 Britannia
892 760 1033 832 ordinata
1051 765 1181 832 tuissent
1195 786 1239 831 re-

149 896 221 955 tulit
232 893 277 969 (ii
291 912 299 952 e
314 893 467 967 principio
482 893 606 967 mudem
624 888 643 953 a
656 894 801 954 Gulielmo
819 898 831 953 Ι
846 895 963 954 curiam
980 894 1146 968 quamdam
1161 908 1242 954 erec-

152 1019 217 1075 tam
230 1013 339 1082 nume,
354 1012 421 1073 vice
436 1010 501 1085 eius
513 1011 664 1070 dicentem
673 1011 740 1086 ius,
752 1011 869 1070 scilicet
875 1000 1065 1086 judiciarios
1074 1011 1117 1070 ou
1129 1011 1244 1085 placita

149 1149 255 1192 eoram
277 1146 345 1205 rege
364 1133 554 1204 assignatos,
574 1143 611 1188 en
631 1118 743 1203 quium
757 1143 839 1190 uuus
861 1119 940 1190 esset
960 1133 1242 1204 justiciarius-capt-

151 1253 228 1311 talis
246 1250 299 1327 (3),
322 1252 410 1325 inde,
432 1250 529 1322 magis
554 1250 712 1323 magisque
738 1240 892 1309 crescente
911 1251 1041 1324 populo,
1061 1251 1094 1307 in
1118 1237 1244 1308 comita-

152 1378 264 1446 tusque
278 1372 380 1432 diviso
393 1385 502 1446 regno,
518 1385 616 1430 unum
630 1371 773 1430 comitem
787 1371 896 1444 cuique
911 1370 1090 1443 impositum
1104 1382 1184 1434 esse,
1197 1369 1246 1427 cui
1358 1396 1360 1401 ,

153 1494 275 1554 adesset
287 1493 388 1564 curia3
405 1505 478 1550 mon
498 1481 600 1550 autem
623 1490 824 1549 in'ceuturias
845 1487 884 1564 (l)
909 1489 1026 1550 divisos
1041 1476 1203 1549 comitatus
1218 1491 1248 1546 et

153 1613 320 1686 unicuique
341 1604 668 1685 preposiiam'curiam
684 1611 733 1669 cui
756 1624 869 1683 praeses
893 1623 912 1669 a
932 1598 1042 1670 comite
1064 1610 1246 1681 eligeretur:

156 1733 283 1793 tandem
297 1731 419 1804 regibus
433 1745 557 1791 necesse
571 1723 673 1791 uisum
687 1744 754 1790 esse
767 1732 802 1790 ut
817 1742 909 1789 omne
925 1731 976 1804 jus
991 1721 1029 1790 ex
1044 1731 1119 1803 ipsis
1135 1718 1248 1803 pende·

158 1855 219 1925 ret,
239 1853 270 1911 et
292 1850 460 1924 quotannis
476 1851 515 1910 ab
535 1851 596 1909 illis
614 1850 726 1910 missos
741 1864 808 1910 esse
826 1849 1035 1910 uice-comites
1055 1848 1109 1923 tit).
1129 1848 1251 1907 Nullum

160 1986 228 2032 ease
257 1972 394 2046 judicem
420 1972 504 2044 patet
526 1971 566 2030 ad
594 1984 685 2042 quern
710 1984 776 2029 non
806 1983 842 2028 ea
865 1982 934 2041 rege
961 1956 1065 2028 veniat
1092 1969 1250 2041 potcstasr

156 2095 240 2153 recte
252 2092 376 2167 quidem
392 2111 400 2151 z
416 2085 482 2151 uon
502 2091 586 2151 enim
601 2081 733 2165 potius«
749 2091 787 2150 de
805 2089 1033 2149 stillicidiorum
1051 2101 1086 2147 ac
1100 2087 1139 2146 de
1154 2087 1251 2161 parie-

162 2233 176 2266 r
195 2215 263 2271 tum
277 2211 346 2285 jure
363 2232 375 2262 o
394 2211 538 2285 quamde
554 2211 617 2271 vita
631 2211 744 2272 civium
766 2211 950 2270 sententiam
964 2210 1037 2269 ferri
1050 2210 1097 2268 fas
1112 2211 1158 2268 est
1170 2197 1180 2279 ‚'
1193 2209 1255 2268 nisi
1289 2254 1291 2258 ,

161 2331 203 2390 ab
216 2330 271 2391 illo
284 2343 379 2403 penes
393 2341 484 2403 quem
498 2330 623 2402 plenam
638 2331 819 2403 potestatem
832 2342 898 2388 esse
912 2332 990 2386 lieus
1003 2327 1145 2388 voluerit.
1241 2346 1243 2351 ·

197 2449 257 2504 nco
269 2445 728 2504 rsuantumaunrnannram:
745 2439 884 2517 sonjons
899 2443 1014 2517 publici
1034 2443 1169 2502 renones
1192 2413 1256 2515 per-
1336 2512 1338 2515 ¹

164 2537 329 2639 scrutatus,
345 2567 510 2638 antequam
522 2565 561 2623 ad
571 2565 730 2638 utriusque
741 2563 827 2645 regni
837 2561 1258 2638 conjunctionemprocedere

165 2681 307 2755 coeperit,
322 2681 399 2741 illud
409 2697 445 2741 ex
460 2685 592 2756 quatuor
605 2682 743 2756 partibus
753 2685 894 2742 constare
907 2683 1013 2742 noster
1028 2679 1172 2755 declarat,
1183 2692 1255 2752 qna-

164 2813 239 2868 rum
252 2814 316 2860 una
329 2801 379 2861 ad
393 2801 606 2875 magistratus,
624 2797 754 2860 munera
772 2803 802 2861 et
823 2800 924 2860 curias
944 2801 1083 2874 spectat:
1109 2797 1160 2856 iric
1176 2795 1259 2855 euim

167 2922 259 3000 regia
276 2922 418 2996 potestati
432 2923 517 2982 locus
533 2926 589 2997 est,
606 2922 690 2982 unde
704 2925 805 3011 cetera
818 2922 951 2981 detinere
962 2921 1105 2980 videntur
1118 2923 1169 2989 (73.

207 3047 275 3103 lion
297 3045 385 3103 aliter
409 3047 492 3104 Plato
511 3045 631 3118 judices
654 3045 725 3117 eligi
746 3059 845 3104 unum
867 3048 957 3118 atque
980 3043 1063 3101 idem
1087 3052 1152 3100 esse
1172 3038 1262 3110 atque

171 3163 270 3222 creari
293 3163 488 3234 magistratus
511 3165 628 3237 oenset;
652 3163 793 3237 quamvis
810 3163 896 3232 enim
919 3159 1115 3232 magistratus
1135 3151 1262 3214 nomine

212 3689 242 3752 (1)
261 3680 348 3742 letter
360 3689 386 3740 io
398 3689 437 3740 sir
449 3688 476 3740 d.
489 3687 593 3742 villiers
608 3703 614 3739 :
627 3687 735 3740 obviam
744 3686 779 3739 iri
792 3686 878 3752 judici
895 3687 924 3738 iu
939 3685 1096 3738 comitatum
1109 3682 1266 3736 advenienti

178 3779 312 3846 reposcit,
326 3782 357 3832 ut
368 3779 476 3833 vicariis
489 3779 567 3844 liegis
579 3777 760 3832 uenerationis
775 3776 960 3830 testimouium
974 3775 1061 3829 detur.

216 3871 249 3936 it)
266 3870 320 3924 'llre
334 3882 384 3924 use
395 3868 424 3923 ol
433 3869 477 3923 the
487 3869 538 3924 law
549 3868 591 3922 ior
602 3867 787 3936 preservation
798 3865 826 3921 oi
834 3880 885 3920 our
900 3878 1024 3933 persons,
1037 3865 1122 3932 gools
1132 3864 1184 3918 and
1199 3862 1269 3930 good

181 3971 291 4024 names,
306 3962 362 4014 etc.

221 4051 251 4115 (3)
270 4049 466 4118 thiel-justice.

223 4144 253 4207 ii)
272 4143 330 4195 luto
341 4141 489 4197 hundreda.

225 4231 260 4298 (5)
279 4232 398 4287 Sheriits.

224 4327 254 4390 (5)
274 4327 292 4379 l
307 4327 476 4394 preparation
489 4327 592 4381 toward
604 4324 648 4381 tire
660 4327 744 4381 unlon
756 4325 785 4379 oi
795 4325 840 4378 tlte
850 4325 915 4381 lans
927 4365 932 4390 ,
946 4329 996 4379 cic.
