2782 4868
600 311 788 373 -lal-

155 465 372 524 «declarando
395 464 469 538 quid
493 466 531 523 ad
552 465 633 525 hauc
654 468 815 539 pertineat.
831 468 925 540 Igitur
940 481 1011 528 vere
1033 472 1243 543 colligendum

153 610 164 634 ·
187 590 231 645 est
248 588 313 646 uim
333 600 401 660 quae
418 588 450 645 in
465 587 656 647 conscientia
669 589 740 647 usui
756 591 802 648 est
816 591 864 649 vel
880 590 938 648 luit
952 605 1018 650 esse
1033 606 1069 651 eu
1085 597 1244 655 communi

151 730 163 760 e
185 709 268 781 lege,
291 719 358 779 que
372 707 475 765 autem
490 707 523 765 in
542 708 701 767 communi
715 708 780 780 lege
795 712 855 784 est,
871 724 908 768 ex
923 712 1048 771 statuto.
1067 716 1156 772 Nunc
1172 729 1242 774 uero

151 850 162 880 a
185 828 384 900 consequitur
404 829 555 900 expositio
577 830 682 888 statuti
704 830 817 901 ipsius,
836 831 888 903 qui
904 833 950 890 est
964 833 1139 906 praecipuus
1155 833 1243 892 labor

151 972 161 998 u
184 949 306 1020 noster;
333 947 482 1020 quidquid
509 947 592 1006 enim
618 947 718 1007 adhuc
750 949 947 1008 tractavimus
976 950 1055 1009 nihil
1086 955 1137 1008 est·
1161 953 1242 1011 aliud

148 1069 270 1140 «atque
290 1067 488 1140 prooemium.
514 1088 526 1116 u

81 1189 83 1193 ‘
179 1187 260 1245 Nihil
283 1187 388 1245 utilius
410 1199 476 1244 essa
500 1188 600 1259 potest
623 1199 716 1260 quam
740 1186 871 1246 breviter
895 1190 925 1246 et
945 1189 1033 1261 quasi
1059 1190 1240 1248 summatim

146 1309 227 1367 dicta
241 1311 386 1380 repetere,
401 1307 454 1365 ubi
471 1322 535 1366 non
551 1311 624 1366 sunt
638 1309 713 1380 legis
729 1308 832 1381 verba,
851 1323 919 1382 qua
929 1310 1132 1382 amplectatur
1142 1324 1240 1369 mens.

145 1429 198 1486 llic
212 1441 284 1487 vero
299 1428 439 1486 laborare
454 1429 586 1486 nimium
603 1428 680 1487 mihi
700 1429 821 1488 videtur
843 1429 1033 1488 Vemlamius
1052 1431 1087 1488 ut
1106 1431 1239 1491 materia

146 1562 208 1607 sua
231 1549 411 1620 dignitatem
432 1549 541 1621 addat3
563 1563 656 1622 quam
670 1551 754 1609 enim
769 1551 932 1609 confitetur
947 1551 1074 1609 nonnisi
1094 1566 1131 1610 ex
1152 1565 1239 1610 cons-

146 1670 257 1728 cientia
270 1669 415 1746 pendere,
433 1671 563 1744 quidest
578 1684 632 1730 cur
646 1684 724 1742 eam,
741 1672 845 1731 nescio
861 1687 921 1744 quo
938 1671 1047 1730 subtili
1061 1675 1241 1744 argumento

144 1805 230 1865 usus,
241 1793 280 1850 ad
291 1793 514 1864 commuucjus
525 1792 670 1850 reducere
680 1794 818 1851 conetur.
838 1793 933 1850 Valde
944 1793 1036 1851 timeo
1048 1807 1087 1850 ne
1102 1793 1239 1853 imitatus

146 1913 185 1970 sit
200 1913 349 1985 oratores,
365 1912 435 1985 qui,
454 1924 549 1983 quum
564 1911 622 1970 viri
636 1910 741 1981 magni
752 1910 858 1968 laudes
873 1911 1002 1984 canunt,
1016 1911 1136 1983 aliquid
1150 1911 1180 1968 ei
1191 1911 1239 1969 de-

145 2030 240 2088 fuisse
256 2031 385 2102 negant,
402 2029 572 2088 contrarias
587 2029 716 2087 virtutes
730 2028 800 2088 ideo
815 2031 999 2102 temperatas
1013 2043 1080 2088 essa
1094 2032 1130 2089 ut
1144 2030 1178 2088 in
1200 2043 1236 2087 eo

146 2150 348 2209 miscerentur
369 2149 572 2209 contendunt.
594 2149 680 2219 Quod
697 2151 837 2208 accurate
857 2149 1097 2222 preceptoribus
1117 2149 1234 2220 lugien-

148 2267 239 2341 dum,
256 2268 409 2340 precipue
424 2267 478 2325 ulri
493 2266 654 2325 materiam
670 2265 804 2339 aliquam
820 2267 971 2339 tractant,
995 2279 1060 2324 non
1072 2266 1126 2341 jus
1141 2268 1237 2325 tutum

150 2389 386 2462 amplectuntur.

185 2508 294 2565 detera
309 2507 410 2578 partes
425 2506 465 2565 ad
487 2509 600 2566 statum
618 2507 834 2581 exponendum
854 2506 1025 2578 pertinent,
1046 2519 1144 2577 quum
1157 2505 1239 2563 scuta

150 2637 222 2697 pars
238 2624 275 2681 de
290 2622 480 2695 corrigendis
492 2623 558 2695 ejus
571 2623 655 2681 uitiis
673 2623 873 2682 desideretur.

187 2746 261 2804 Ante
281 2745 386 2803 omnia
405 2743 554 2801 statutum
572 2741 735 2814 magnifice
749 2741 854 2800 laudat
869 2745 1025 2813 Bacurius,
1048 2739 1134 2812 quod
1154 2752 1239 2810 argu·

152 2864 257 2920 mento
278 2863 327 2937 sit,
347 2863 373 2919 si
389 2861 458 2935 quis
467 2861 542 2920 vitia
551 2861 720 2920 indicanda
734 2863 834 2934 neget,
849 2874 889 2918 ne
906 2859 1040 2930 dignitas
1054 2859 1159 2929 legum
1169 2857 1241 2915 inde

152 2981 320 3039 minuatur.
348 2982 415 3038 Non
447 2980 535 3038 aliter
557 2982 660 3038 autem
681 2979 722 3038 de
745 2979 864 3051 legibus
889 2992 982 3051 quam
1000 2979 1038 3036 dc
1061 2977 1241 3036 hominihus

152 3102 331 3161 habendum
343 3106 408 3174 ast3
424 3116 499 3175 non,
512 3102 538 3160 si
553 3102 611 3160 hos
627 3100 739 3175 diligis,
755 3114 791 3159 eo
806 3100 881 3160 uitia
894 3099 1168 3189 praetermittendm
1179 3099 1240 3156 imo

153 3221 441 3294 animadvertenda,
459 3235 520 3294 quo
543 3221 686 3279 meliores
706 3220 751 3277 illi
772 3218 858 3277 fiant.
877 3221 911 3275 ln
928 3217 1013 3277 omni
1029 3231 1062 3275 re
1078 3217 1241 3276 utilissima

153 3342 199 3398 est
212 3341 339 3414 veritas,
352 3341 461 3399 inutile
478 3339 687 3400 mendacium.

187 3463 368 3535 Priusquam
383 3461 421 3519 de
441 3462 545 3519 statuti
558 3461 653 3535 jussis
670 3460 809 3531 disserat,
826 3458 884 3516 tria
900 3459 1157 3533 aeternaequae,
1174 3471 1241 3530 qua

152 3598 272 3658 semper
287 3583 425 3643 notanda
444 3585 532 3655 sunt,
550 3581 650 3654 primo
667 3581 931 3652 statuti-tempus,
954 3579 1091 3664 secundo
1107 3579 1242 3652 titulum,

152 3704 239 3764 tertio
254 3705 408 3776 exemplar
422 3702 533 3775 hujus,
552 3714 683 3774 quorum
699 3699 833 3772 primum
851 3699 925 3771 quid
945 3699 1123 3756 laciendum
1139 3699 1243 3771 fuerit,

151 3826 321 3885 secundum
331 3824 405 3898 quid
422 3825 521 3883 iacere
531 3824 564 3880 in
574 3822 679 3880 animo
690 3821 830 3879 hahuerit
843 3820 1015 3892 legislator,
1032 3819 1156 3876 tertium
1168 3818 1242 3890 quid

150 3947 202 4005 ille
223 3947 329 4006 lecerit
347 3947 446 4005 docet.
471 3944 786 4004 Animadvertendum
808 3956 929 4015 quoquc
948 3945 1087 4001 accurate
1108 3941 1243 4000 divisam

151 4081 215 4125 esse
229 4067 338 4139 legem,
354 4080 418 4124 nou
434 4065 522 4124 aliter
535 4069 627 4138 atque
637 4077 745 4123 omnes
757 4063 929 4123 dividendae
945 4065 1027 4121 sunt.
1048 4084 1059 4112 t
1077 4063 1242 4133 statutum,

152 4211 163 4235 ·
184 4190 218 4245 ut
233 4187 402 4260 omuislex,
420 4187 558 4245 continet
572 4185 769 4266 procamium,
786 4183 993 4256 corpuslegia
1010 4182 1240 4255 quaedamprae-

152 4330 163 4360 r
185 4307 436 4369 uisa..P1·ouemio
453 4308 649 4369 incommoda
665 4308 823 4381 docentur,
840 4319 966 4377 corpore
977 4305 1052 4375 legis
1068 4303 1241 4360 remedium
