2782 4868
538 399 541 412 ”
574 439 614 452 -
634 410 677 471 ha
700 439 740 452 -

109 570 160 627 tus
178 565 218 641 (t)
234 564 409 633 historiam,
427 563 482 622 etsi
497 576 515 622 a
528 562 619 635 vulgo
640 561 753 636 negligi
771 563 887 639 possit,
904 563 1025 634 regibus
1040 563 1201 636 legendam

108 698 194 758 esse,
216 697 312 757 quum
330 683 364 742 in
384 694 420 741 ea
440 681 602 741 manifesta
623 683 769 741 cernatur
786 680 1005 755 quidpossint
1019 681 1201 756 cupiditates

109 802 276 864 hominnm
292 801 532 875 commodaque,
548 802 721 874 temporum
736 798 888 874 rationes,
904 812 981 859 sana
995 801 1047 859 aut
1060 798 1201 873 improba

106 922 263 982 consilia:
281 921 360 980 nihil
382 921 422 981 ad
443 934 496 981 eos
516 921 673 981 docendos
692 921 800 980 utilius
820 934 886 981 csse
906 935 997 995 possa
1017 935 1109 995 quam
1130 923 1200 982 vitae

107 1040 327 1114 quotidianum
342 1054 434 1100 usum
448 1054 519 1099 cum
530 1035 677 1113 exemplis
691 1040 838 1114 preteriti
852 1041 957 1100 saeculi
968 1041 1125 1114 conjungi.
1142 1041 1200 1099 itae

106 1175 169 1234 que
184 1174 273 1222 novae
288 1160 377 1218 istius
392 1159 528 1218 scientiae
543 1159 645 1232 colligi
661 1160 812 1219 elementa
827 1173 908 1233 sape
929 1160 1059 1234 reposcit
1077 1159 1199 1229 Verula-

106 1281 190 1341 mius
205 1300 213 1340 z
230 1281 337 1340 omnia
352 1281 455 1340 autem
473 1280 554 1340 iacta
568 1281 658 1354 quasi
677 1281 839 1340 materiam
853 1280 1060 1355 philosophie
1076 1292 1201 1353 parasse

107 1404 136 1462 ci
162 1401 306 1463 videntur
329 1401 529 1477 historiarum
554 1400 735 1474 scriptores,
761 1413 939 1475 quanquam
960 1402 990 1460 et
1008 1400 1043 1459 in
1061 1399 1199 1459 historiis

105 1523 206 1581 multa
223 1522 453 1590 desiderantur.
479 1523 615 1583 Tacitum
638 1523 741 1595 potius
766 1537 860 1596 quam
884 1522 1075 1582 Aristotelem
1100 1522 1198 1580 Plato·

108 1654 219 1701 nemve
238 1641 404 1713 legendum
423 1641 542 1713 censet,
558 1640 707 1712 quoniam
725 1661 737 1690 ιι
754 1640 923 1700 Aristotelis
938 1642 968 1699 et
982 1640 1117 1700 Platonis
1133 1651 1197 1697 mo-

112 1785 125 1814 ιι
146 1763 224 1822 ralia
237 1762 374 1836 plerique
389 1762 552 1837 mirantur,
563 1762 619 1821 sed
629 1762 748 1822 Tacitus
758 1762 856 1834 magis
865 1763 952 1823 vivas
962 1774 1084 1821 morum
1094 1761 1196 1820 ohser-

108 1903 120 1934 ι
142 1883 282 1943 vationes
297 1882 395 1954 spirat
407 1880 463 1957 (i).
482 1901 495 1935 ι
513 1882 594 1942 Alias
608 1895 714 1942 nonne
723 1884 759 1940 ut
770 1883 912 1956 scriptori
923 1883 1142 1942 obstetricantur
1154 1881 1197 1955 (3)

104 2015 164 2062 nos
176 2001 325 2076 impellit?
341 2004 437 2062 sentit
457 2005 559 2062 tamen
575 2003 627 2062 ille
642 2002 784 2062 nondum
800 1996 918 2063 taumm
933 2017 999 2062 esse
1020 2004 1197 2075 congestam

104 2123 242 2183 materiae
260 2123 376 2184 molem
392 2125 428 2183 ui
440 2123 693 2197 philosophicum
708 2123 865 2196 quoddam
878 2124 1116 2183 monumentum
1131 2135 1198 2180 exs-

103 2247 237 2320 truatur,
254 2246 287 2304 et
299 2244 397 2319 plura
419 2246 457 2305 ah
477 2243 677 2304 historiarum
696 2244 897 2318 scriptoribus
922 2245 1008 2318 petit.
1034 2243 1199 2303 Historiam

104 2364 295 2421 litterarium
311 2364 440 2424 omuino
457 2363 561 2424 deesse
575 2363 722 2438 queritur,
738 2364 844 2437 utpote
859 2364 911 2436 qui
927 2363 1048 2422 noverit
1064 2383 1076 2413 ιι
1093 2375 1196 2421 rerum

106 2507 119 2535 ιι
141 2483 396 2544 intellectualium
411 2498 477 2545 non
491 2485 597 2544 minus
614 2497 707 2558 quam
723 2484 860 2544 civilium
874 2484 977 2543 motus
993 2485 1022 2542 ct
1037 2481 1194 2557 perturba-

111 2626 123 2655 «
147 2604 247 2663 tiones
265 2603 399 2677 vitiaque
420 2605 449 2663 ct
467 2605 595 2664 virtutes
609 2605 714 2665 notari
727 2617 818 2678 posse
832 2607 863 2663 et
877 2605 1013 2676 regimen
1029 2603 1102 2663 inde
1117 2604 1195 2676 opti-

106 2742 118 2771 ι
140 2734 226 2780 ιιιιιιιι
241 2720 330 2780 educi
344 2724 374 2780 et
389 2723 508 2781 institui
523 2721 576 2797 (a),
595 2745 607 2773 ι
627 2745 638 2774 ιι
650 2727 722 2782 ante
737 2724 843 2783 omnia
857 2724 949 2784 etiam
963 2723 997 2782 id
1010 2725 1060 2796 agi
1079 2713 1196 2783 sevclle

107 2861 118 2891 ιι
141 2840 275 2900 declarat
295 2841 392 2915 <quod
412 2842 509 2900 moitis
528 2843 659 2904 historio
680 2844 773 2903 decus
792 2846 840 2902 esi
859 2846 890 2902 et
909 2844 997 2917 quasi
1018 2842 1136 2918 anima)
1159 2846 1194 2902 nt

106 2977 118 3006 ι
140 2970 210 3016 cum
229 2958 345 3018 eventis
365 2971 464 3017 causae
486 2959 685 3033 copulentur,
701 2959 844 3020 videlicet
861 2962 896 3019 ui
916 2962 1125 3019 memorentur
1140 2972 1193 3017 na-

106 3097 118 3126 «
141 3077 215 3135 turae
231 3078 394 3149 regionum
408 3092 444 3138 ac
459 3080 661 3152 populorum,
677 3080 857 3153 indolesquc
873 3083 944 3153 apta
959 3082 989 3138 ct
1002 3079 1130 3152 habilis,
1143 3083 1195 3138 aut

108 3217 119 3245 ιι
140 3196 246 3270 inepta
261 3198 291 3256 ct
305 3197 452 3257 inhabilis
472 3199 512 3257 ad
528 3198 709 3272 disciplinas
724 3199 876 3268 diversas,
893 3199 1064 3258 accidentis
1079 3201 1194 3272 tempo-

106 3338 118 3367 ιι
140 3332 208 3377 rum
224 3331 291 3391 quae
307 3319 442 3377 scientiis
459 3318 711 3378 adversafuerint
721 3321 774 3378 aut
784 3318 933 3392 propitia,
945 3318 1000 3377 zeli
1010 3320 1040 3378 et
1050 3319 1190 3378 mixtura

106 3458 118 3488 ιι
140 3437 1192 3519 religionum,malitiaeetiavoreslcgum,uirtutesdeniqneinsignes

106 3959 109 3966 -
137 3926 166 3992 (1)
182 3928 253 3982 hiso.
268 3943 315 3982 sur
328 3929 460 3985 l'histoire
473 3931 637 3986 uniuerselle
650 3971 656 3993 ‚
667 3934 869 3999 arani-propos.
885 3958 917 3970 -·
931 3931 969 3983 ci.
985 3929 1114 3997 Polithuc
1126 3928 1193 3982 tir-te

104 4014 475 4086 cernentum-salutatis.
493 4033 521 4086 v,
545 4022 598 4073 art.
624 4021 663 4085 ll,
684 4022 710 4072 τ’
730 4032 810 4086 prop.
835 4047 866 4056 -
886 4017 1029 4072 llacchiar.
1051 4016 1194 4080 Debitio,
1313 4060 1317 4067 .

104 4119 164 4175 cap.
188 4121 292 4164 xxxix.

139 4200 171 4263 (2)
191 4201 228 4268 lie
238 4201 353 4269 interpr.
368 4203 418 4256 lih.
434 4217 457 4266 ι,
474 4207 514 4257 it.

138 4296 168 4359 (3)
188 4296 305 4362 hahug.
320 4309 360 4351 sc.
376 4311 410 4364 ιι,
427 4298 470 4350 ro.

138 4386 168 4452 (i)
188 4385 257 4440 thid.
279 4399 313 4453 ιι,
333 4390 360 4441 t.
