2782 4868
603 400 793 462 -125-

155 574 167 602 ·
187 550 309 624 regibus
323 556 375 611 eui
388 554 496 610 senatu
510 552 563 611 aut
576 550 683 626 politia
698 553 789 626 plane
808 553 1031 614 vindicandum
1046 555 1099 629 (l).
1116 559 1241 620 Pessimi

152 690 165 731 e
187 675 272 734 enim
285 673 415 747 exempli
431 687 479 732 res
494 677 558 748 est,
579 677 614 732 61
632 675 724 734 curiae
739 688 805 748 quae
821 689 929 748 pacem
944 676 1076 736 subditis
1096 682 1243 751 proestant

151 784 605 852 «1616666166116666666661.

148 983 153 994 ,
190 932 204 961 ι
222 911 395 970 66661166
409 909 509 969 iacllis
524 911 589 969 6616
603 911 657 969 661
678 911 824 983 proclivis
845 911 884 970 61
902 912 1019 986 judicia
1040 914 1244 974 rescindenda

153 1028 289 1088 «aditus
303 1041 359 1100 per
381 1028 618 1103 appellationes,
640 1030 693 1088 661
712 1029 919 1102 impetitiones
943 1031 981 1092 16
1002 1047 1104 1093 errore
1116 1032 1174 1109 (1),
1190 1036 1243 1094 661

153 1161 167 1199 a
181 1129 320 1221 revisus,
333 1151 362 1207 et
380 1148 502 1207 similia.
519 1151 683 1225 Receptum
697 1148 784 1222 apud
794 1152 964 1211 nonnullos
983 1155 1072 1212 estut
1085 1154 1125 1213 lis
1140 1154 1240 1215 traba-

152 1291 166 1319 ι
188 1270 238 1327 tur
257 1268 297 1327 61
315 1269 419 1329 forum
439 1268 597 1341 superius,
619 1270 766 1342 tanquam
790 1284 839 1329 res
864 1271 999 1344 integra,
1022 1272 1140 1345 judicio
1167 1274 1240 1333 inde

152 1410 166 1439 ι
184 1374 407 1460 161666666116
426 1389 456 1446 61
471 1388 563 1460 plane
578 1401 729 1461 suspenso
743 1407 750 1462 ;
767 1389 851 1462 6661
866 1390 944 1450 61166
957 1406 1030 1452 vero
1044 1395 1079 1451 ut
1089 1393 1240 1467 judicium

152 1532 165 1562 e
185 1510 288 1583 ipsum
301 1511 425 1569 mancat
437 1508 470 1567 in
479 1522 535 1568 suo
548 1509 668 1581 vigore,
685 1510 738 1567 sed
753 1497 906 1569 exsecutio
921 1510 987 1584 eius
998 1513 1118 1571 tantum
1133 1518 1238 1574 cesset.

152 1632 329 1689 «Neutrum
353 1630 471 1705 placei,
501 1629 563 1688 nisi
590 1630 682 1688 curiae
707 1629 740 1687 in
765 1630 876 1704 quibus
903 1630 1055 1703 judicium
1085 1633 1239 1692 redditum

152 1746 239 1820 «sit,
265 1746 380 1805 tuerint
403 1745 536 1804 humiles
560 1747 589 1804 61
613 1745 768 1804 interioris
794 1745 933 1819 ordinis3
960 1746 1013 1804 661
1033 1746 1190 1819 potiusut
1211 1749 1241 1806 61

150 1886 164 1916 ι
182 1864 334 1938 judicium
358 1867 417 1924 stet
439 1866 468 1923 61
491 1865 638 1938 procedat
658 1864 724 1939 ejus
744 1864 896 1924 exsecutio
917 1885 924 1921 :
946 1864 1039 1924 modo
1063 1865 1163 1924 cautio
1187 1865 1238 1924 16-

151 2003 165 2031 e
186 1983 274 2040 tura
293 1980 476 2041 defendente
495 1980 533 2039 16
558 1980 681 2039 (lamnis
701 1981 730 2040 61
750 1981 909 2055 expensis,
931 1980 957 2039 si
976 1980 1128 2054 judicium
1148 1980 1240 2040 fuerit

152 2122 164 2151 6
185 2100 343 2160 rescitum.
363 2123 374 2150 6

184 2217 336 2292 Pleraque
350 2217 460 2289 regula
476 2218 541 2276 ista
558 2218 714 2290 6661666
729 2217 881 2277 obtinent.

185 2335 213 2389 l.
233 2336 277 2388 De
296 2333 390 2388 coriis
406 2334 557 2403 pretoriis
578 2338 607 2388 et
626 2334 774 2389 censoriis.
795 2334 893 2400 Quare
910 2329 979 2389 illas
998 2331 1147 2390 creandas
1167 2343 1236 2389 cen-

148 2451 245 2512 suerit
272 2454 410 2511 Baconus
434 2451 594 2511 diximus:
620 2466 705 2511 nunc
729 2451 885 2525 quomodo
909 2464 1037 2510 munere
1068 2465 1124 2510 suc
1150 2450 1237 2522 fungi

146 2571 279 2631 1616661
292 2585 392 2645 opera
406 2573 539 2644 pretium
554 2574 601 2630 661
612 2571 820 2631 considerare„

184 2691 342 2750 curiarum
360 2690 572 2764 praetoriarum
592 2693 638 2749 est
655 2691 744 2749 civile
762 2690 813 2763 jus
836 2691 889 2748 aut
908 2689 1049 2762 supplere
1070 2659 1234 2748 66166661-

147 2825 218 2885 gere
236 2831 243 2869 ε
260 2825 299 2870 66
318 2812 351 2870 11
371 2811 531 2871 destruant
546 2812 717 2885 periculum
731 2813 786 2870 661.
803 2811 889 2880 Quod
903 2811 969 2884 ipsc
983 2813 1122 2869 baconus
1137 2810 1234 2882 suspi-

146 2908 235 2991 66166
249 2931 308 2991 166
321 2932 393 2990 6616
412 2931 519 2990 omnia
533 2931 651 2991 curavit
673 2945 712 2990 ne
728 2931 856 2990 omnino
869 2931 967 2989 libera
980 2930 1114 3002 66166166
1129 2942 1238 2987 socun-

147 3050 223 3110 1666
234 3050 407 3124 equitatem
418 3050 603 3109 decernendi
618 3050 680 3109 illis
692 3049 936 3122 permitteretur:
951 3071 962 3098 ι
976 3062 1050 3108 xnrr.
1062 3047 1237 3108 cavendum

151 3187 162 3216 ι
185 3165 217 3223 in
233 3165 343 3238 primis
356 3180 396 3224 ne
410 3166 444 3224 in
458 3165 551 3226 curiis
566 3165 717 3238 praetoriis
731 3163 903 3237 prebeatur
913 3163 1061 3222 auxilium
1072 3163 1107 3222 in
1116 3161 1237 3221 casibus

183 3530 213 3593 (1)
232 3527 271 3582 tl.
291 3528 379 3582 letter
392 3531 448 3592 118,
465 3531 492 3582 16
510 3527 556 3583 116
574 3529 655 3597 king,
677 3529 705 3584 61
725 3528 771 3583 116
789 3529 925 3594 11666666
945 3527 999 3580 661
1016 3525 1106 3593 lingis
1125 3525 1233 3579 bench:

149 3641 160 3666 ι
181 3618 241 3674 luo
254 3619 347 3686 things
362 3621 374 3672 l
389 3619 457 3674 wish
472 3623 499 3674 16
516 3620 551 3674 16
568 3620 652 3687 1666,
673 3621 719 3674 116
738 3632 790 3674 one
810 3620 866 3673 that
883 3630 954 3686 your
971 3618 1084 3683 llaiesty
1103 3616 1164 3669 take
1181 3616 1236 3669 thls

147 3711 305 3765 «occasion
325 3714 354 3764 to
375 3711 505 3765 redonble
524 3716 590 3765 unto
610 3711 646 3764 all
665 3724 735 3778 your
756 3711 855 3777 ludges
877 3722 949 3776 your
973 3711 1080 3762 ancient
1099 3706 1161 3759 and‘
1174 3710 1235 3760 truc

148 3820 159 3847 α
179 3799 279 3867 charge
289 3801 342 3855 enti
354 3800 430 3865 rule,
447 3801 504 3854 that
518 3814 575 3867 pou
591 3800 647 3854 will
661 3804 708 3855 not
723 3801 827 3855 endure
844 3813 879 3854 no
894 3798 1051 3864 mnorating
1062 3797 1108 3850 the
1120 3796 1195 3863 point
1206 3797 1236 3850 61

147 3912 158 3939 α
177 3893 364 3959 iurisdictiou,
384 3893 434 3962 but
454 3893 510 3947 will
528 3891 597 3947 hare
619 3907 702 3960 every
723 3896 801 3947 court
819 3890 937 3959 impalei
956 3889 1051 3944 within
1076 3889 1148 3942 their
1173 3901 1234 3943 own

148 4002 158 4029 l
177 3982 339 4050 precedente
353 3984 407 4038 and
417 3986 465 4038 nct
478 3995 586 4038 assume
601 3986 628 4037 16
648 3983 812 4038 themselves
825 3997 886 4038 new
901 3992 1007 4048 powers
1021 3993 1095 4046 upon
1108 3982 1234 4033 concerto

147 4091 158 4116 κ
178 4071 231 4124 and
242 4071 396 4126 incentions
406 4071 502 4125 61166.
518 4091 529 4119 6
1035 4058 1038 4062 ’
1272 4142 1273 4146 ¹

178 4163 210 4225 11)
228 4162 360 4229 impetitio
374 4162 474 4216 erroris
491 4161 564 4226 (corii
576 4161 607 4231 cf
617 4164 698 4226 error)
713 4162 866 4229 provocatio
878 4160 929 4213 luit
941 4160 974 4213 ad
988 4159 1093 4213 curiam
1108 4157 1231 4212 domino·

144 4264 205 4304 rum
216 4290 222 4316 ,
235 4265 288 4319 qua
301 4251 472 4306 deferebatur
484 4253 618 4306 sententia
631 4269 637 4304 :
654 4266 704 4319 pro
719 4266 783 4306 uero
796 4251 905 4319 quidem
921 4250 1102 4317 accipiebatur
1114 4247 1239 4317 quodie

144 4340 214 4395 tecto
227 4341 377 4408 indicatum
388 4345 458 4409 erat,
472 4344 581 4399 nonnisi
593 4344 626 4398 dc
637 4346 698 4411 inre
710 4357 801 4399 coram
813 4343 929 4398 dominis
942 4339 1135 4408 disputabatur.
