2782 4868
656 339 846 402 -ino-

207 505 305 552 unum
315 492 461 566 conjungi
476 492 621 567 cupierit,
637 506 731 566 qnam
742 493 873 568 impigre
891 505 962 553 eum
977 494 1129 569 adjuverit
1148 500 1303 559 Beeonus.

208 614 306 682 Quum
330 613 432 672 autem
460 611 663 671 paruamenta
686 612 769 684 leges
797 612 998 688 institutaque
1023 616 1219 676 confundere
1247 632 1302 678 no·

205 730 352 805 luissent,
374 729 413 789 ad
429 730 530 790 euriae
544 744 611 790 sese
633 732 725 791 vertit
742 734 819 804 Rex,
843 698 952 790 sootos'
971 745 1081 791 omnes
1099 734 1192 793 natos
1216 739 1302 807 post·

208 862 302 922 quam
316 849 355 908 ad
371 862 500 922 regnum
515 849 628 922 Angiiae
644 852 815 909 accesserat
829 849 945 922 exlege
960 849 1129 922 16616666
1144 849 1181 908 16
1195 863 1302 910 eorum

206 966 362 1026 ciuitatem
386 966 520 1026 adscitos
545 980 612 1026 esse
635 967 827 1026 contendens
849 965 903 1039 (tiz
928 969 991 1026 Rex
1023 966 1064 1026 ed
1100 968 1302 1027 dominorum

209 1085 327 1144 curiam
348 1086 378 1144 et
401 1084 440 1144 ad
458 1084 635 1145 cancellarii
658 1083 775 1144 curiam
795 1082 901 1142 venit:
925 1082 959 1140 in
975 1083 1033 1142 heo
1054 1083 1155 1145 oravit
1178 1097 1303 1144 eausam

210 1208 359 1263 Beeonus

248 1322 260 1350 6
281 1303 348 1359 Non
363 1298 581 1373 sustinuerim,
603 1298 728 1371 6111116,
743 1300 860 1357 tantam
874 1310 999 1357 eausam
1015 1297 1144 1356 confuse
1156 1299 1301 1367 tractare,

212 1441 226 1476 6
245 1421 300 1481 sed
314 1421 474 1493 antiquam
491 1419 601 1478 orandi
616 1419 750 1478 formem
766 1417 909 1491 amplecti
930 1416 1053 1492 malim,
1072 1416 1105 1474 id
1124 1418 1189 1491 661,
1205 1418 1302 1492 primo

216 1540 417 1615 «explanabo
432 1553 517 1614 rem,
542 1539 679 1598 secundo
703 1538 895 1611 respondebo
923 1541 1032 1598 eontra
1055 1539 1176 1611 objeote
1192 1584 1201 1615 ,
1217 1541 1303 1599 tertio

214 1684 227 1715 u
247 1661 384 1736 probabo
398 1661 447 1720 vel
466 1659 668 1720 confirmabo.
687 1681 698 1710 o
715 1662 790 1718 Rem
799 1658 892 1730 igitur
905 1658 1036 1730 explieat
1056 1678 1064 1716 ι
1090 1679 1103 1730 u
1118 1660 1199 1717 Num
1219 1673 1303 1733 puer,

214 1805 226 1834 «
247 1785 338 1843 natus
355 1783 388 1840 in
404 1781 518 1854 scotia,
533 1783 699 1854 postquam
724 1793 780 1838 666
793 1778 1082 1851 1161661666666661
1102 1778 1217 1850 anglie
1242 1777 1305 1838 ieli-

215 1925 227 1954 6
248 1903 322 1962 citer
339 1905 479 1960 66666616
492 1902 551 1974 661,
578 1901 653 1960 61616
681 1901 728 1958 661
745 1899 860 1971 anglie
880 1903 1028 1957 neenei»
1051 1898 1166 1958 Addit:
1196 1921 1207 1950 6
1234 1902 1306 1959 Pace

215 2043 227 2074 6
247 2023 416 2081 vestrarum
427 2018 691 2089 dominationum,
707 2019 740 2076 in
756 2019 810 2076 1116
827 2031 937 2092 censa,
953 2019 1023 2075 ante
1039 2017 1160 2092 omnia,
1171 2031 1305 2090 queram

215 2164 230 2194 6
250 2144 281 2201 61
293 2141 430 2215 aperiam
444 2138 648 2198 fundamenta
669 2141 700 2196 et
718 2137 820 2197 tontes
843 2136 991 2212 rationis,
1007 2151 1072 2196 non
1093 2136 1132 2196 61)
1147 2138 1261 2208 1666116
1280 2140 1308 2197 61

215 2240 234 2315 o'
252 2261 393 2322 doctrina
413 2259 492 2334 juris
517 2257 692 2318 eommunis
714 2257 903 2332 principium
927 2257 999 2330 erit,
1025 2269 1083 2315 nee
1098 2257 1187 2316 aliter
1207 2258 1254 2329 egi
1275 2259 1305 2315 in

139 2353 141 2356 ⁵
219 2406 230 2436 6
251 2382 395 2443 omnihus
410 2381 553 2454 grauibus
567 2379 646 2438 meis
657 2379 772 2452 666616,
788 2378 882 2451 inque
898 2377 1011 2437 talibus
1022 2377 1176 2450 agendum
1187 2392 1305 2438 666666.

219 2530 232 2555 ιι
255 2504 340 2575 Quod
360 2503 439 2561 nihil
463 2500 621 2574 sapientiae
640 2501 744 2572 166616
766 2501 943 2559 nostrarum
966 2498 1121 2574 detrahit,
1139 2500 1229 2572 quasi
1245 2514 1307 2559 non

219 2643 230 2672 ιι
251 2623 373 2695 possint
387 2621 424 2678 de
435 2619 557 2678 casibus
572 2618 636 2677 suis
648 2620 795 2690 statuere,
812 2618 867 2675 sed
887 2617 926 2674 iis
941 2617 1044 2690 potius
1060 2617 1244 2688 dignitatem
1257 2616 1306 2674 ad-

220 2764 232 2793 «
254 2742 298 2800 eit
321 2741 376 2800 ubi
398 2755 463 2799 non
487 2740 652 2799 auotoritas
673 2740 741 2797 sine
764 2741 886 2797 ratione
915 2751 1021 2797 eorum
1050 2738 1195 2812 appetem
1223 2739 1307 2810 inde,

220 2883 231 2911 6
250 2857 389 2931 pulchris
402 2858 539 2916 nummis
549 2858 680 2931 61661166,
694 2857 808 2929 ubique
818 2860 948 2929 6666616
963 2859 1036 2916 6661
1050 2871 1115 2916 666
1124 2857 1221 2918 modo
1232 2856 1309 2930 61661

222 2999 233 3028 o
256 2966 435 3050 eausa,'sed
449 2979 488 3036 oh
508 2977 624 3036 metelli
640 2978 792 3050 pretium,
809 2977 926 3035 scilieet
946 2976 1097 3036 rationem
1113 2977 1307 3050 sapientiam·

221 3118 233 3148 6
255 3077 313 3170 que
328 3111 426 3156 suam.
446 3122 455 3146 ·
472 3100 690 3169 Argumentum
710 3098 770 3156 hoe
792 3097 850 3155 fuit
864 3098 1066 3170 precipuum,
1090 3097 1154 3155 imo
1173 3097 1308 3156 unioum.

219 3216 345 3289 Baceni,
364 3216 447 3288 quon
463 3215 601 3288 ejusdem
618 3215 749 3275 civitatis
764 3229 829 3273 non
844 3217 971 3287 possent
996 3227 1060 3273 non
1085 3226 1152 3271 esse
1181 3213 1235 3286 qui
1256 3213 1309 3271 sui

220 3334 329 3394 eodem
344 3349 414 3406 rege
432 3336 581 3395 viverent.
609 3339 649 3394 De
670 3336 792 3406 regibus
807 3336 900 3406 igitur
921 3335 1062 3394 disserit:
1080 3335 1239 3408 6661666,
1261 3335 1311 3394 sed

221 3455 346 3526 natura,
362 3467 427 3513 non
447 3454 643 3528 nominituo,
668 3455 722 3513 sed
737 3469 755 3514 6
770 3459 830 3514 lieo
846 3455 1045 3517 constitutam
1059 3468 1126 3514 esse
1139 3469 1249 3514 eorum
1259 3470 1309 3528 po-

222 3572 378 3646 testatem,
401 3583 580 3643 quanquam
596 3586 661 3630 non
684 3572 752 3644 ipsa
766 3586 860 3646 supra
872 3573 955 3644 leges
976 3572 1077 3646 666116
1094 3574 1152 3646 661,
1168 3572 1309 3632 affirmat.

222 3691 296 3748 Dein
312 3692 381 3763 quis
402 3691 442 3748 611
459 3691 550 3765 61616,
577 3692 646 3766 quis
668 3692 857 3766 6116616666,
876 3693 980 3769 docet,
1005 3693 1251 3765 statutorumque
1276 3692 1311 3750 de

218 3807 357 3882 civitate,
374 3809 410 3867 de
421 3809 602 3880 alienigenis
617 3809 808 3869 mentionem
823 3809 905 3868 feeit.

254 3929 413 3988 contrarie
422 3944 567 4003 argumen
573 3935 601 3990 16
612 3930 761 4004 confutet,
771 3931 850 3990 nihii
863 3930 902 3991 ad
913 3930 1031 4004 regium
1042 3931 1225 4007 ,thesaurum
1239 3941 1308 3988 ven·

257 4320 286 4386 (1)
304 4319 433 4389 ungoru,
448 4325 466 4376 t.
485 4337 531 4390 ix,
547 4336 571 4378 6.
585 4326 614 4380 i.
