2782 4868
649 312 817 396 ..pp-

193 494 298 564 patos,
319 490 359 548 ad
378 489 534 549 veritatem
557 488 749 546 transtulisse
770 489 847 560 rati,
876 503 953 548 1616
975 503 1045 548 eum
1074 493 1285 568 philosophia

193 611 310 682 patrem
322 609 494 668 nominent.

229 731 264 788 nt
278 730 964 815 11666666]61161616666161661166661116,
980 732 1286 794 16611166666161661

194 848 357 908 hominum
374 847 511 908 societati
525 849 677 921 profuisse
692 862 770 917 reor,
787 864 843 908 666
857 850 973 923 magis,
992 852 1017 908 si
1040 851 1108 924 quis
1124 853 1285 912 Platonem

194 967 400 1024 cavillatorem
415 967 580 1036 arbaoarn,
602 967 750 1023 tumidam
764 974 901 1039 poetam,
917 967 1083 1040 theolopam
1103 977 1198 1026 mente
1212 985 1284 1042 oap-

195 1091 275 1152 torn,
291 1083 482 1142 Aristotelem
498 1086 658 1155 pessimam
674 1081 851 1154 sophistam,
873 1084 977 1141 taattta'
996 1085 1161 1143 subtilitate
1177 1090 1287 1144 aanor·

198 1205 276 1266 tara,
292 1198 448 1254 verboram
467 1198 525 1255 otte
543 1198 708 1256 ludibrium
727 1207 803 1257 voret
822 1199 880 1273 tt),
901 1201 929 1258 ei
953 1201 1115 1274 assentior,
1138 1215 1231 1275 quam
1259 1204 1285 1260 si

197 1320 265 1391 quis
276 1320 470 1378 vemlanium
489 1321 590 1393 ipsum
612 1322 745 1380 61616116
764 1322 855 1380 66166
873 1322 1011 1381 deditum
1026 1323 1138 1398 inisse,
1154 1296 1286 1384 omnino

197 1453 300 1499 61616
309 1441 505 1513 philosophia
519 1441 715 1501 abhorruisse
727 1445 821 1515 putet.
838 1443 1036 1503 Praetermilto
1051 1445 1136 1516 quod
1157 1446 1201 1503 tot
1217 1446 1285 1504 tan-

199 1561 288 1632 taque
311 1561 392 1633 apud
413 1561 556 1634 antiquos
574 1562 700 1621 inventa
714 1562 798 1619 sint:
816 1564 908 1621 restat
929 1576 1003 1622 6666
1017 1563 1101 1635 6661
1123 1563 1288 1622 hominum

201 1684 318 1740 mentes
332 1697 396 1742 666
411 1685 504 1743 modo
523 1684 689 1744 6161666111
709 1684 923 1758 philosophia,
941 1684 995 1742 sed
1019 1684 1140 1744 animos
1165 1698 1289 1758 quoque

197 1801 364 1861 instituerit
378 1804 588 1877 optimumque
602 1804 958 1878 6161616616111616111;
972 1805 1025 1863 illa
1039 1805 1112 1878 fuit,
1128 1803 1290 1864 definiente

199 1921 292 1992 digno
309 1924 447 1981 numinis
467 1924 567 1998 onitu,
583 1926 786 1998 philosophia
806 1926 960 1998 praeoipua
974 1939 1065 1998 pars,
1084 1925 1138 1983 1116
1154 1925 1291 1984 maxima

198 2043 277 2115 laus,
293 2058 501 2118 necunquam
520 2046 752 2105 nimiasoerati
767 2047 816 2118 agi
831 2048 961 2119 possunt
981 2045 1102 2118 grana,
1118 2044 1201 2117 quod
1217 2046 1291 2102 ante

200 2179 307 2224 omnes
321 2167 407 2226 illam
418 2167 456 2225 de
467 2167 545 2226 66616
556 2169 589 2225 16
600 2171 712 2227 1611616
727 2168 900 2242 deduxerit,
917 2169 1004 2240 eique
1017 2166 1113 2226 vitam
1127 2163 1289 2224 hominam

201 2285 366 2355 regendam
390 2286 625 2358 6161166111116
650 2287 743 2359 igitur
768 2287 925 2347 contemni
945 2288 1081 2347 veterum
1106 2283 1290 2358 sapientiam

201 2410 381 2476 Baeonoque
400 2406 556 2465 Platonem
574 2407 719 2479 postponi
732 2408 895 2480 patiamur.
916 2409 950 2463 ln
966 2420 1027 2478 quo
1051 2407 1132 2480 inter
1150 2418 1182 2461 66
1203 2403 1290 2460 111116-

202 2527 272 2585 1661
285 2526 374 2583 116661
389 2508 641 2585 animadvertere.
653 2527 834 2584 1616611611
846 2525 942 2597 ipsius
957 2537 1061 2583 amore
1071 2523 1180 2597 quaerit
1193 2523 1290 2591 Plato,

203 2660 259 2704 neo
275 2647 443 2718 quidquam
462 2646 565 2718 potius
580 2661 615 2704 66
624 2647 767 2719 :sapiente
782 2647 905 2717 dignius
920 2645 1090 2719 proclamat
1112 2657 1178 2703 esse
1197 2657 1291 2716 quam

204 2766 400 2838 tranquillam
422 2765 712 2838 contemplationem
731 2765 794 2824 1611
814 2784 821 2822 :
838 2764 910 2822 inde
930 2765 1032 2836 aliqua
1048 2763 1165 2822 utilitas
1180 2763 1219 2820 ad
1233 2763 1288 2822 ho-

204 2883 304 2940 miues
322 2884 486 2942 (1666661161
500 2884 638 2956 oportet,
655 2897 720 2941 non
735 2883 800 2956 ipse
815 2881 1047 2953 11161666166111
1061 2882 1185 2953 autquo
1200 2882 1291 2953 pacto

204 3003 390 3074 perennant
405 3004 502 3063 doeet.
518 3003 635 3061 Utilitas
650 3003 833 3062 6661161616
847 3003 939 3061 66166
959 3003 1004 3060 661
1017 2999 1188 3059 Verulamio
1200 3013 1292 3058 eausa

206 3136 380 3182 661161616
401 3124 552 3197 inquirat,
568 3124 678 3182 661666
693 3121 765 3181 finis
787 3135 878 3195 quem
901 3120 1105 3194 philosophia
1127 3133 1289 3192 66666666-
1338 3115 1341 3124 “

207 3241 280 3300 tium
295 3256 360 3300 esse
374 3243 561 3315 profiteatur.
678 3273 680 3279 ,

241 3363 307 3417 Non
323 3360 407 3418 aliud
423 3361 461 3418 de
479 3361 547 3433 jure
559 3375 650 3434 quam
666 3362 703 3420 rte
725 3361 823 3431 logica
840 3363 977 3416 Baoonus
993 3356 1100 3414 habuit
1115 3355 1290 3414 eonsilium.

207 3480 284 3547 Quiri
306 3480 363 3538 sihi
394 3482 427 3538 16
453 3482 556 3541 661616
580 3482 619 3539 611
638 3484 741 3554 666116
760 3482 825 3554 1666
842 3480 976 3538 declarat
996 3498 1003 3534 :
1024 3499 1034 3527 1
1052 3477 1107 3546 Qui
1123 3475 1160 3533 de
1174 3474 1294 3545 legibus

210 3621 221 3651 6
243 3603 443 3677 seripserunt,
462 3617 569 3661 omnes
583 3605 631 3662 vel
651 3606 798 3674 tanquam
812 3599 1005 3674 philosophi,
1023 3598 1070 3657 161
1086 3599 1231 3668 tanquam
1243 3596 1291 3667 ju·

210 3744 221 3771 l
242 3720 428 3793 risoonsulti,
444 3723 656 3792 argumentum
671 3719 748 3778 illud
768 3717 991 3776 tractaverunt„
1008 3717 1102 3786 Atque
1118 3711 1293 3785 philosophi

211 3865 221 3890 l
243 3843 527 3913 proponuntmulta
544 3841 626 3899 diota
640 3840 785 3912 pulchra,
803 3837 978 3895 66166666
995 3839 1121 3889 remota.
1140 3831 1292 3889 16116666-

211 3979 222 4006 l
244 3958 314 4015 sulti
330 3961 506 4018 6616616666
522 3959 650 4031 quisque
666 3958 770 4029 patriae
785 3957 903 4028 logum,
923 3955 969 4016 rel
986 3953 1076 4011 etiam
1088 3956 1294 4011 Romanarum
1356 4032 1359 4038 .

243 4317 272 4381 11)
292 4313 684 4383 1666611666116616611666,
699 4315 724 4367 1,
