2782 4868
568 359 737 422 ...21-

109 512 121 568 (ι
135 510 269 575 sensu...
297 513 423 586 Expedit
438 513 582 585 preterea
606 511 820 585 experimentis
844 511 947 584 novis,
964 512 998 569 in
1015 513 1194 586 corporibus

112 658 123 685 r
145 635 278 709 politicis
294 633 468 709 medendis,
488 648 553 692 non
567 634 627 705 uti,
644 633 831 704 disiungens
853 632 1011 692 incumbat
1030 636 1196 693 necessitas

112 773 124 801 t
146 751 199 809 aut
212 750 337 810 evidens
352 762 383 808 se
399 749 532 807 ostendor
550 748 683 818 utititas,
705 749 854 808 etsodulo
871 763 975 808 cavere
997 753 1033 808 ut
1051 752 1195 811 reforma-

112 893 123 921 «
146 871 240 930 tionis
256 871 607 931 studiummutationem
626 872 766 944 inducat,
783 883 848 931 non
864 873 965 930 autem
981 872 1116 931 studium
1131 887 1196 932 mu·
1308 912 1309 915 κ

112 1014 123 1042 t
146 991 271 1051 tadonis
285 991 535 1052 reformationem
554 993 707 1064 praetexat.
728 1015 739 1043 n
764 992 806 1066 (t)
826 992 1136 1053 Animadvertendum
1154 998 1200 1052 est

110 1117 280 1182 Baconum,
306 1125 482 1185 quanquam
506 1111 545 1170 ab
566 1112 783 1185 experimentis
805 1113 895 1174 novis
918 1112 1076 1187 abhorret,
1102 1126 1138 1172 ea
1159 1115 1200 1172 ta·

110 1246 183 1292 men
198 1223 337 1292 adhiberi
350 1234 431 1307 pau,
448 1234 474 1291 si
488 1233 615 1293 evidens
631 1247 664 1292 se
682 1235 824 1292 ostendat
837 1234 967 1309 utititas,
984 1247 1080 1307 quum
1090 1233 1130 1293 ad
1144 1235 1202 1292 uti·

111 1353 228 1410 litatem
243 1351 324 1422 leges
339 1350 514 1423 referendas
530 1364 596 1409 esse
610 1344 743 1410 censeat.

147 1475 211 1542 Quo
245 1472 334 1543 pacto
362 1470 556 1530 conficienda
579 1471 618 1528 sit
645 1484 727 1530 nova
749 1467 799 1528 tex
826 1484 891 1544 pam
920 1466 1199 1544 perpendendum:

114 1612 126 1639 u
147 1591 313 1662 Utrumque
339 1592 458 1662 tempus
490 1591 631 1664 consule,
657 1592 722 1649 tum
744 1591 915 1664 antiquius,
945 1594 980 1649 ut
1013 1593 1101 1650 notes
1130 1591 1204 1665 qnid
1283 1563 1286 1566 Α

114 1729 126 1760 «
148 1708 298 1780 optimum
312 1709 417 1781 fuerit,
434 1713 498 1766 tum
513 1708 676 1782 recentius,
686 1708 907 1781 utquidiuerit
917 1710 1102 1782 aprissmum
1117 1711 1170 1783 (a).
1188 1733 1200 1760 n

69 1805 71 1808 ’
112 1832 147 1887 tn
163 1842 198 1888 eo
214 1829 307 1900 igitur
320 1828 486 1888 consistere
503 1828 591 1887 debet
605 1829 750 1903 mutatio,
765 1831 800 1888 ut
814 1831 963 1902 quantum
978 1830 1125 1889 saeculum
1139 1844 1204 1903 per-

112 1947 231 2020 mittet,
259 1968 270 1998 κ
291 1946 428 2005 retrahas
444 1960 492 2004 res
513 1947 553 2005 ad
569 1947 700 2018 primam
719 1959 825 2005 earum
849 1946 1089 2019 institutionem,
1111 1920 1203 2019 priam

115 2086 128 2115 o
150 2067 252 2124 autem
266 2064 409 2124 instituas
424 2065 675 2124 reformationem
689 2064 804 2137 absque
827 2065 959 2124 elatione
979 2065 1021 2123 tui
1038 2065 1135 2136 ipsius
1151 2067 1203 2123 aut

116 2209 128 2235 r
151 2185 297 2244 scandalo
311 2185 450 2258 priorum
466 2186 639 2257 temporum
653 2183 708 2244 fiat
723 2182 777 2258 (3).
799 2206 810 2234 n

151 2310 218 2378 ipse
232 2306 420 2365 vendemius
434 2320 452 2365 a
470 2306 580 2365 litteris
590 2305 630 2364 ad
645 2307 727 2377 leges
742 2306 859 2364 indicat
877 2304 1123 2365 transferendum
1138 2317 1204 2362 esse

111 2425 279 2484 consilium
292 2425 374 2484 hoc:
404 2447 415 2474 s
433 2425 526 2483 Nobis
546 2437 618 2484 vero
636 2438 672 2482 ex
687 2424 783 2482 altera
797 2425 883 2496 parte
897 2422 1038 2498 (quibus,
1055 2425 1204 2496 quantum

120 2567 132 2596 «
155 2546 273 2605 calamo
287 2546 445 2620 valemus,
461 2547 541 2604 inter
553 2546 655 2606 vetera
665 2546 791 2606 etnova
800 2545 833 2603 in
843 2545 952 2604 titteris
966 2545 1068 2603 foedus
1079 2544 1109 2602 et
1123 2556 1204 2602 com-

120 2688 133 2716 «
155 2665 304 2725 mercium
318 2666 498 2725 contrahere
519 2666 604 2724 cordi
620 2663 676 2738 est)
701 2666 856 2723 decretum
874 2665 979 2723 manet
994 2663 1205 2737 antiquitatem

119 2809 130 2837 α
152 2786 292 2846 comitari
313 2787 353 2844 ad
366 2800 435 2846 aras
450 2789 539 2859 atque
553 2785 703 2866 vocabula
720 2785 847 2856 antiqua
862 2784 1007 2858 retinere,
1029 2796 1205 2856 quanquam

121 2927 135 2956 ι
155 2918 280 2964 sensum
294 2919 402 2964 eorum
417 2907 446 2964 et
461 2904 657 2964 definitiones
672 2904 783 2976 sepius
802 2904 1014 2978 immutemus,
1037 2902 1205 2962 secundum

121 3046 134 3074 n
155 3025 347 3085 moderatum
362 3026 451 3085 illum
467 3027 497 3084 et
515 3025 673 3085 laudatum
694 3025 727 3082 in
743 3026 883 3085 civilibus
899 3026 1036 3085 novandi
1060 3024 1204 3095 modum,

123 3165 134 3193 r
157 3159 236 3218 quo,
253 3159 356 3205 rerum
371 3147 451 3205 statu
466 3149 595 3218 novato,
620 3146 784 3205 verborum
794 3147 895 3204 tamen
911 3144 1061 3204 solemnia
1076 3145 1204 3202 durent:
1245 3134 1249 3141 “

125 3287 138 3314 ι
156 3265 489 3337 condecernentes,
506 3265 606 3322 endem
621 3269 858 3337 mopirtratoom
873 3264 1025 3322 uocabula.
1043 3264 1081 3336 (t)
1101 3288 1112 3314 ι

158 3702 188 3767 (i)
201 3702 343 3757 sermones
355 3700 460 3768 fideles,
471 3717 553 3770 xxiv,
572 3703 608 3757 De
624 3703 746 3757 innovet.
761 3699 835 3754 tiit.
846 3713 886 3754 xx
900 3717 906 3752 2
921 3699 952 3752 dc
965 3699 1097 3769 sepimine
1108 3698 1210 3754 coletu-

121 3789 196 3847 dtets
212 3809 218 3846 ι
236 3813 248 3842 «
268 3795 405 3849 secretum
422 3796 495 3849 enim
509 3798 552 3850 est
566 3799 593 3850 et
605 3794 726 3850 naturaie
741 3795 768 3846 et
781 3793 921 3860 politicum
937 3808 943 3843 ε
965 3791 1049 3844 tutius
1067 3793 1108 3844 est
1127 3789 1211 3844 multa

124 3885 257 3939 «mutam
270 3897 351 3952 qnam
361 3898 445 3939 unum
456 3897 593 3952 magnum.
616 3906 626 3934 r
1218 3936 1219 3939 ,

158 3975 224 4039 (iti
245 3965 387 4030 collection
405 3974 434 4028 oi
449 3979 591 4032 sentences
606 3980 653 4048 out
672 3978 701 4031 oi
721 3989 796 4033 some
812 3977 841 4030 oi
850 3976 895 4031 the
913 3974 1036 4041 writings
1056 3973 1140 4028 oiihe
1151 3972 1212 4027 lord

122 4063 217 4118 Bacon.
229 4093 263 4104 -
278 4066 363 4120 Sarna
379 4066 425 4120 fid.
438 4079 484 4134 nr,
499 4066 530 4121 de
541 4081 613 4137 mcp.
628 4073 653 4121 et
665 4067 741 4137 dipn.

159 4153 189 4219 (3)
207 4152 243 4207 oi.
258 4153 292 4209 de
302 4155 380 4222 oign.
393 4159 420 4209 ei
432 4170 493 4223 aug.
509 4170 546 4211 sc.
567 4174 572 4208 :
601 4177 611 4204 t
626 4159 727 4212 Horum
737 4159 842 4226 primns
854 4161 894 4212 est
906 4157 1080 4210 immodicum
1096 4155 1213 4210 studium

123 4240 238 4297 duorum
248 4247 440 4311 extremorum,
453 4248 618 4315 antiquitatis
628 4251 654 4303 ei
664 4249 805 4316 novitatis,
819 4233 869 4304 etc.
893 4269 903 4295 »ν
1003 4238 1005 4242 ’

159 4337 187 4400 tit
206 4335 245 4388 lb.
257 4334 305 4390 lib.
319 4350 369 4403 nr,
383 4350 440 4404 cap.
453 4338 493 4392 iv.

1049 4436 1064 4470 ‘t
