2782 4868
608 368 816 430 -te-·

97 523 100 528 '
183 523 222 580 be
238 520 474 578 innovationibus
489 519 531 594 (1)
553 520 764 590 multomagis
782 519 955 592 disseritur3
974 519 1094 579 merito.
1116 521 1144 579 si
1164 521 1231 594 quis

148 640 232 700 enim
247 653 397 700 novarum
413 653 514 699 rerum
529 640 636 700 avidus
649 641 713 712 θεῖ,
733 639 829 715 loges,
846 653 912 713 qua
932 640 1052 717 vigeni,
1068 643 1186 701 mutare
1200 642 1232 699 in

148 758 254 817 animo
274 758 375 817 habet.
399 763 456 818 Lex
467 759 595 818 omnino
610 771 691 819 nova
706 758 862 817 communi
877 772 1032 818 consensu
1042 773 1082 819 an
1096 760 1181 819 utilis
1196 761 1235 818 sit

147 878 238 936 facile
252 878 446 952 intelligitur,
465 878 617 938 veteribus
633 879 734 936 autem
753 877 873 950 placitis
895 894 979 934 omno
995 877 1077 952 ferre
1090 885 1234 951 poncione

148 1010 220 1055 raro
235 997 354 1070 evenit,
370 996 469 1056 rarius
484 997 629 1056 omnibus
643 996 813 1069 displicere.
833 998 911 1066 Quot
929 996 959 1055 θῖ
980 997 1101 1069 quanta
1121 1009 1169 1054 ros
1185 996 1236 1054 hio

147 1119 251 1176 locum
274 1117 422 1192 habeant,
442 1119 605 1179 hominum
625 1118 818 1191 cupiditates
841 1117 938 1177 virtus
956 1117 1024 1190 ipsa
1042 1116 1235 1191 placitorum,

148 1241 227 1301 ratic
238 1243 411 1313 temporum
425 1242 605 1301 incredibile
615 1243 670 1301 est.

184 1359 284 1417 Multis
299 1325 401 1418 autem
410 1327 512 1418 modis
526 1360 586 1431 legi
596 1361 773 1432 obrogatnr3
790 1372 825 1417 ea
837 1358 920 1416 enim
930 1359 983 1416 ant
993 1357 1114 1429 corrigi,
1127 1358 1153 1415 si
1164 1356 1238 1432 quid

150 1461 189 1534 in*
201 1491 233 1535 sc
247 1478 392 1537 vitiosum
402 1445 526 1552 habeat,
548 1481 600 1538 aut
619 1480 770 1552 suppleri,
785 1479 811 1536 si
827 1478 901 1551 quid
917 1478 1013 1551 desit,
1039 1480 1091 1537 ant
1110 1477 1239 1537 omnino

149 1599 230 1671 tolli,
250 1599 276 1655 si
287 1598 464 1658 desuescere
474 1599 614 1673 coeperit,
630 1601 743 1671 potest,
760 1613 817 1657 nec
832 1598 925 1657 modo
944 1598 1003 1669 legi
1014 1598 1134 1670 scripta
1149 1597 1237 1656 obro-

150 1719 215 1790 gari
230 1719 324 1792 solet,
340 1719 516 1792 sederitis,
533 1718 586 1792 qui
601 1732 665 1778 non
676 1721 829 1778 minorem
842 1717 958 1777 habent
971 1718 1034 1776 vim
1045 1730 1136 1790 quam
1146 1716 1237 1789 leges,

151 1836 300 1895 moribus

186 1954 278 2012 Multa
303 1954 428 2026 optimis
445 1955 479 2012 in
503 1954 622 2026 legibus
646 1955 804 2014 mutentur
829 1966 955 2012 necesse
979 1953 1042 2011 est:
1069 1964 1105 2010 ea
1125 1953 1172 2010 est
1194 1952 1241 2011 vis

151 2073 268 2130 natura
283 2075 374 2146 atque
396 2073 560 2145 necessitas
580 2075 615 2132 ut
635 2074 819 2147 quicumque
833 2073 935 2146 prisca
949 2073 1080 2131 retinere
1102 2070 1242 2129 instituta

151 2193 329 2268 videantur,
347 2195 436 2256 inuiti
450 2207 573 2270 quoque
587 2187 652 2255 istis
668 2196 815 2266 derogare
831 2193 967 2268 quotidie
988 2194 1146 2264 cogantur.
1162 2191 1243 2250 Nihil

150 2314 242 2386 plane
258 2317 395 2375 converti
405 2330 489 2376 mors
505 2318 560 2375 est.
577 2320 619 2374 Ea
634 2318 735 2375 autem
756 2315 894 2387 gentium
908 2327 976 2386 qua
986 2313 1124 2371 libertate
1133 2312 1240 2370 fruun-

152 2435 201 2492 tur
216 2437 369 2508 precipua
383 2437 450 2495 laus
466 2450 501 2494 ao
518 2450 631 2507 magna
645 2434 773 2494 felicitas
784 2438 830 2493 θεῖ
842 2435 877 2492 ut
890 2435 972 2503 leges
993 2445 1064 2491 suas
1079 2433 1113 2491 in
1130 2431 1241 2490 melius

152 2557 304 2628 corrigere
317 2560 436 2631 semper
450 2559 588 2634 possint,
600 2571 720 2631 semper
734 2557 839 2616 velint.

187 2682 254 2735 Jam
269 2677 393 2750 quando
407 2679 557 2737 mutanda
571 2679 611 2737 sit
622 2679 671 2737 lex
680 2678 851 2737 videamus.
900 2650 902 2654 Α

188 2800 228 2856 Ιῖθ
239 2799 359 2858 statutis
372 2813 439 2873 qua
454 2802 579 2874 autjam
595 2815 660 2860 non
675 2801 708 2858 in
719 2815 778 2859 usu
788 2801 875 2872 sunt,
891 2801 942 2858 aut
957 2797 1077 2857 statutis
1092 2794 1238 2870 posterio-

151 2914 235 2974 ribus
248 2916 578 2990 oirooidemsnbjeotnm
592 2918 715 2976 obstant
725 2916 811 2975 nulla
825 2915 990 2974 difficultas
1002 2927 1068 2973 esse
1079 2913 1180 2986 potest
1195 2912 1241 2983 (ῖ).

152 3039 259 3098 Statim
274 3037 452 3110 abroganda
466 3042 548 3097 sunt.
565 3039 685 3098 institui
701 3039 851 3111 quosdam
865 3037 1079 3109 magistratus,
1094 3038 1242 3108 tanquam

152 3157 291 3231 Athenis,
307 3161 446 3216 Baconus
469 3157 584 3231 poscit,
605 3157 658 3229 qui
677 3177 688 3207 ιι
709 3170 764 3229 per
779 3156 966 3228 triennium,
992 3155 1045 3213 aut
1066 3153 1241 3226 quinquen-

156 3300 167 3328 ιι
188 3279 296 3352 nium,
312 3280 364 3338 aut
379 3279 470 3351 prout
492 3279 593 3338 visum
608 3276 716 3351 inerit,
737 3276 925 3337 antinomias
949 3275 1133 3333 retractante
1152 3270 1206 3345 (i).
1230 3291 1243 3322 n

153 3399 309 3458 obsoletas
326 3411 447 3472 quoque
461 3400 559 3472 leges,
572 3396 749 3469 rogantibus
764 3396 890 3470 iisdem,
907 3394 973 3453 tolli
990 3394 1090 3468 iubet,
1110 3406 1149 3451 ne
1168 3414 1180 3442 ι
1196 3404 1241 3448 εθ-

159 3539 170 3567 ιι
192 3521 301 3590 quatur
316 3497 459 3578 tormenti
478 3495 668 3589 iilud'genus
687 3516 839 3588 Mezentii,
861 3517 894 3574 ut
915 3516 996 3585 leges
1013 3513 1090 3573 vivae
1110 3512 1143 3568 in
1159 3522 1242 3569 com-

159 3660 170 3688 ιι
191 3640 281 3711 plexu
294 3645 484 3700 mortuarum
500 3641 699 3720 perimantur.
722 3662 733 3689 ι

191 3759 268 3815 Num
293 3759 488 3829 magistratus
512 3758 558 3816 illi
573 3757 697 3816 Athenis
719 3757 850 3815 multum
866 3753 1037 3827 profuerint
1057 3748 1142 3809 haud
1171 3746 1244 3805 satis

197 4148 226 4212 (l)
246 4149 596 4215 Sermonesfideles,xx1v.

197 4242 227 4303 ti)
244 4239 362 4292 neroni.
376 4241 431 4306 jur.
441 4240 467 4294 L.
479 4253 508 4294 rv
518 4240 580 4293 etL.
594 4253 642 4293 vn.

196 4332 227 4396 ti)
247 4332 285 4384 lb.
300 4332 326 4384 i.
339 4345 366 4384 v.
