2782 4868
611 359 801 420 -la‘l-

162 541 174 566 ι
193 513 353 590 hujusiori
369 515 554 576 sufficientia
566 517 599 574 in
611 530 672 590 quo
686 520 769 575 certa
783 516 931 574 adversus
940 517 999 576 lroc
1013 517 1135 577 facinus
1150 532 1244 578 reme-

160 658 171 688 «
193 637 244 696 dia
258 635 373 709 optime
387 635 600 708 reperiuntur:
616 637 646 695 et
660 637 783 711 quinto,
804 636 843 695 de
858 635 926 710 ipso
941 636 1040 697 animi
1059 638 1122 695 mei
1135 652 1245 713 propo·

159 776 171 805 o
192 754 270 829 sito,
285 753 335 812 cui
348 757 383 812 ut
398 753 561 813 subvenire
581 724 749 826 dignentur
763 755 996 815 nominationes
1010 759 1120 815 restrae
1137 757 1248 816 humil-

158 896 171 926 ι
190 875 264 933 lime
280 873 436 944 flagitabo.
451 893 463 924 u

189 999 335 1055 Naturam
347 995 471 1054 sceleris
485 995 617 1068 attingit,
634 1008 695 1067 quo
710 995 832 1056 nullum
842 997 888 1053 est
904 994 1119 1068 periculosius,
1137 996 1248 1069 quippe

154 1117 238 1190 quod
252 1131 317 1176 non
333 1116 427 1176 modo
447 1129 554 1189 pacem
569 1115 687 1189 turbet,
703 1115 758 1174 sed
778 1115 812 1173 in
827 1115 944 1174 bellum
957 1115 1055 1188 possit
1070 1128 1245 1188 erumpere;

153 1237 256 1309 ipsum
272 1249 305 1294 se
319 1249 413 1308 supra
429 1236 528 1307 legem
542 1249 609 1295 csse
619 1235 796 1310 contendit,
811 1249 892 1308 non,
906 1237 942 1293 ut
956 1235 1083 1306 scelera,
1099 1248 1134 1293 so
1149 1236 1246 1294 scelus

154 1371 221 1416 esse
236 1355 410 1429 confitetur,
425 1357 468 1414 ita
481 1359 517 1415 ut
533 1377 545 1405 ι
566 1356 727 1414 annalium
742 1356 987 1426 statutorumque
1003 1354 1128 1414 codices
1142 1354 1247 1414 cedere

156 1477 338 1548 -eogantur
362 1474 482 1534 Gallicis
505 1474 679 1546 ltalicisque
706 1474 899 1547 rhapsodiis,
921 1472 1024 1532 duella
1046 1473 1244 1533 describenti-

154 1612 168 1644 α
187 1593 256 1667 bus,
274 1615 286 1644 o
309 1593 383 1651 inde
397 1593 441 1652 tot
461 1592 591 1664 juvenes
606 1593 715 1651 acerbo
730 1591 838 1651 funere
852 1590 1019 1664 praeripiat,
1035 1591 1247 1650 totnonilinus

150 1713 224 1771 viris
239 1714 381 1772 inutilem
395 1717 526 1772 mortem
542 1712 658 1771 aflerat.

185 1833 288 1888 cause
300 1832 403 1889 autem
412 1830 484 1888 sunt
503 1850 515 1880 o
531 1829 629 1888 falsus
644 1830 674 1886 et
689 1803 836 1887 erroneus
847 1829 886 1888 de
895 1829 1015 1888 nonore
1029 1832 1060 1887 et
1074 1828 1244 1888 iama‘oon·

151 1970 165 1998 a
185 1952 304 2021 ceptus.
315 1989 322 2002 .
333 1989 356 2021 .,
373 1948 564 2013 demoniaca
580 1946 743 2020 apparitio,
760 1970 772 1997 n
791 1947 876 2019 vulgi
890 1947 1022 2022 vanitas,
1030 1960 1109 2007 uere
1124 1948 1244 2006 fortitu·

149 2068 231 2126 dinis
246 2070 456 2141 contemptus,
473 2068 605 2139 quatuor
620 2068 723 2124 tamen
743 2069 817 2124 sunt
834 2068 988 2141 remedia,
1002 2068 1159 2140 primurn:
1185 2073 1246 2126 out

150 2189 331 2260 e-eppareal
354 2186 595 2257 ostendeturque
615 2186 649 2243 in
671 2185 829 2257 republica
849 2187 997 2245 constans
1014 2187 1105 2258 atque
1119 2185 1244 2245 firmum

151 2331 162 2360 r
184 2309 329 2369 abolendi
349 2323 386 2367 ea
403 2308 611 2383 propositum
631 2331 643 2360 u
664 2308 834 2367 secundum
853 2310 888 2368 ut
910 2329 922 2359 o
943 2309 1030 2369 nulla
1046 2308 1183 2380 amplius
1197 2308 1243 2365 in-

148 2449 164 2488 «
184 2432 341 2503 dulgentia
354 2431 413 2491 hoo
428 2431 566 2491 faveatur
579 2431 696 2489 malum
710 2430 838 2503 ejusque
851 2432 1039 2500 sementum3
1056 2429 1200 2501 tertium,
1211 2433 1244 2486 nt

150 2575 163 2602 «
182 2565 218 2609 ex
232 2552 303 2609 aula
317 2552 423 2622 Regia,
441 2565 513 2610 vera
527 2551 657 2609 honoris
673 2551 765 2622 sede,
781 2550 920 2622 ejiciatur
939 2548 1079 2622 quisquis
1093 2548 1174 2607 falso
1187 2548 1241 2606 ho·
1263 2571 1266 2575 ’

150 2687 161 2714 o
182 2678 258 2723 nore
280 2665 320 2723 ad
342 2666 443 2723 scelus
462 2650 629 2737 perductus
649 2664 704 2738 sit,
725 2667 868 2737 quartum
889 2666 923 2722 ut
941 2663 1111 2737 puniantur
1131 2663 1191 2721 hao
1210 2662 1241 2718 in

149 2809 160 2836 o
182 2785 272 2844 cuna
287 2784 327 2858 (l)
343 2785 481 2845 actiones
494 2783 534 2844 ad
550 2783 652 2843 duella
665 2783 835 2844 tendentes.
855 2805 866 2835 r

180 2905 293 2976 Angliae
326 2905 386 2975 legi
416 2904 535 2976 objecta
572 2904 633 2962 duo
671 2904 826 2977 queritur,
859 2904 942 2977 quod
975 2918 1040 2963 non
1072 2904 1244 2976 distinguat

146 3026 261 3084 cedem
275 3039 311 3085 er
325 3025 449 3083 insidiis
461 3026 515 3083 aut
528 3039 565 3083 eu
583 3026 714 3083 honesta
729 3037 822 3089 causa
835 3025 962 3098 factam,
974 3038 1031 3085 neo
1047 3026 1122 3083 satis
1136 3039 1241 3084 severe

145 3145 286 3205 convicia
295 3143 430 3215 castiget.
445 3147 553 3214 Legem
563 3145 665 3201 antem
679 3142 833 3211 divinam,
848 3142 954 3215 idest,
965 3142 1143 3215 scripturas,
1158 3143 1241 3216 leges

144 3269 297 3324 Romanas
306 3277 480 3336 graecasque
494 3265 527 3321 in
543 3242 751 3322 testimonium
767 3264 868 3334 vocat,
878 3274 946 3334 quae
958 3261 1125 3321 distinxere
1134 3266 1239 3320 utrum

146 3383 215 3456 quis
231 3383 327 3440 alium
348 3382 495 3442 occiderit
515 3383 624 3441 uolens
645 3395 687 3438 an
710 3380 842 3451 invitus,
863 3381 993 3440 consilio
1009 3394 1108 3439 necne
1125 3400 1165 3458 ιιι
1183 3382 1240 3440 sed

148 3523 160 3552 o
179 3501 319 3561 occidere
332 3500 491 3560 hominem
506 3498 714 3572 praemeditate
729 3505 758 3558 et
772 3503 837 3557 tum
851 3500 976 3558 demum
991 3499 1180 3570 distinguere
1191 3500 1236 3556 in·

146 3645 157 3674 r
179 3624 224 3681 ter
234 3626 353 3694 turpem
367 3621 596 3693 elegantemque
610 3619 742 3691 oedem,
757 3620 935 3678 monstrosa
948 3620 1069 3676 tantum
1083 3620 1129 3675 est
1145 3617 1240 3689 huius

146 3764 158 3792 ι
178 3741 282 3801 seculi
300 3739 477 3814 progenies,
499 3738 585 3801 nulla
605 3740 724 3798 ratione
747 3740 781 3797 in
803 3739 910 3799 divina
929 3739 992 3797 sive
1014 3738 1154 3796 humana
1172 3738 1239 3808 lege

147 3881 158 3910 ιι
177 3859 354 3918 fundata...
375 3858 432 3916 sed
455 3857 581 3928 ignarus
603 3870 667 3915 non
682 3870 751 3914 sum
775 3869 840 3915 esse
861 3857 890 3914 et
913 3855 1015 3915 duella
1029 3852 1149 3924 legibus
1169 3865 1236 3924 per-

147 3979 287 4052 emissa3
304 3992 393 4050 quam
410 3982 485 4032 recte
506 3991 565 4030 ooo
585 3971 705 4046 definio.
728 3975 861 4032 Alterum
880 3977 926 4032 est
949 3971 1074 4046 quando
1095 3970 1128 4027 in
1145 3983 1234 4028 oons-

180 4341 211 4405 ω)
230 4341 259 4393 ln
271 4353 323 4408 qna
336 4343 449 4404 tentata,
463 4352 517 4393 non
531 4339 611 4393 modo
624 4338 741 4392 admissa
752 4336 856 4392 scelera
869 4335 943 4390 inere
959 4333 1107 4403 punienda.
