2782 4868
561 817 832 924 bectorita.

189 1331 255 1385 tam
275 1327 435 1388 claudatur
454 1327 519 1386 hae
540 1327 633 1386 thesis
656 1347 662 1384 :
685 1327 760 1400 quid
776 1331 914 1386 baconus
935 1327 1058 1399 dejure
1078 1330 1242 1402 censuerit,

156 1449 351 1520 quantumin
366 1447 456 1508 nobis
469 1449 538 1522 luit,
549 1449 737 1521 quesumus,
753 1449 941 1522 collegimus,
957 1450 1163 1524 exposuimus,
1177 1465 1241 1510 non

156 1561 223 1619 sine
243 1562 377 1634 quodam
392 1563 514 1632 labore,
537 1564 584 1638 at,
598 1562 681 1621 bona
694 1563 784 1622 venia
803 1563 985 1638 dixerimus,
1001 1578 1066 1623 non
1087 1565 1154 1623 sine
1168 1580 1240 1637 qua-

156 1682 403 1756 damvoluptate.
419 1686 500 1756 Opus
514 1683 597 1742 istud
610 1698 645 1743 eo
657 1684 859 1757 suscepimus,
871 1684 954 1755 quod
965 1685 1078 1743 616616
1093 1685 1160 1744 viro
1177 1699 1242 1743 non

154 1802 290 1874 potuisse
310 1803 343 1862 in
359 1802 501 1861 doctrina
522 1803 604 1864 civili
623 1803 775 1874 ingratam
795 1816 920 1876 operam
935 1804 1009 1875 poni
1031 1804 1122 1862 nobis
1140 1805 1241 1862 visum

78 1931 79 1934 ’
155 1925 210 1979 661.
226 1923 348 1982 Utinam
364 1923 424 1996 ipsi
444 1924 477 1981 in
499 1923 553 1983 illo
569 1937 634 1983 non
657 1914 808 1994 ingratam
833 1938 960 1996 operam
979 1925 1119 1996 posuisse
1138 1925 1240 1984 uidea-

153 2051 234 2112 mur,
250 2039 304 2097 sed
314 2053 351 2098 ex
364 2039 451 2098 libris
460 2041 526 2113 ejus
540 2041 657 2114 aliquid
665 2041 821 2115 retulisse,
837 2040 920 2098 unde
930 2041 1056 2114 utilitas,
1068 2042 1124 2100 etsi
1134 2055 1240 2114 parva,

153 2156 253 2229 adius
271 2158 446 2217 redundare
460 2162 565 2233 queat!
582 2162 648 2218 Non
663 2173 737 2218 sane
751 2173 787 2218 ea
801 2163 903 2218 mente
917 2161 956 2219 de
975 2165 1094 2220 Bacono
1110 2162 1241 2220 scribere

154 2278 314 2352 coepimuS,
329 2281 364 2337 ut
379 2279 529 2353 quidquid
550 2280 587 2338 (16
604 2279 674 2353 jure
688 2280 816 2338 dixisset
829 2281 1114 2353 comprobaremus,
1128 2295 1193 2340 non
1208 2283 1241 2338 in

152 2399 247 2458 verba
260 2401 506 2474 ejusjuravimus
516 2419 524 2474 ;
536 2401 599 2460 imo
614 2414 695 2473 sape
705 2401 794 2459 illurn
805 2414 823 2459 a
833 2401 951 2459 ratione
962 2401 1158 2460 abhorruisse
1167 2415 1240 2460 con-

153 2518 319 2592 tendimus,
331 2520 391 2592 ipsi
411 2520 450 2578 ad
470 2499 537 2579 eam
558 2520 668 2579 reverti
683 2520 785 2578 conati
799 2533 916 2578 sumus.
928 2521 1066 2579 Attamen
1082 2520 1240 2579 fatendum

152 2640 198 2695 661
206 2639 304 2697 multa
312 2652 433 2712 quoque
443 2641 482 2698 ab
496 2640 550 2700 illo
567 2640 746 2713 excogitata,
764 2641 862 2698 multa
877 2641 1001 2714 scripta,
1012 2642 1110 2700 multa
1127 2656 1239 2715 propo-

152 2759 230 2831 sita,
253 2760 317 2819 siue
333 2775 405 2820 curn
427 2761 547 2821 ratione
570 2762 806 2834 corruenientia,
828 2763 892 2823 siue
908 2763 947 2821 ad
965 2763 1128 2823 utilitatem
1143 2768 1237 2837 apta:

152 2879 248 2937 multa
267 2893 333 2938 esse
352 2893 419 2952 quae
437 2882 615 2939 mirandum
637 2882 676 2938 sit
694 2881 786 2939 alicui
806 2881 960 2939 6616161116
980 2882 1013 2938 16
1035 2884 1170 2939 mentem
1188 2896 1239 2940 ve·

151 2999 248 3072 nisse,
264 2999 405 3073 quamvis
422 3000 608 3072 jampridem
628 3001 850 3059 consuetudine
869 3000 943 3060 uilia
964 3001 1055 3060 nobis
1075 3002 1155 3061 iacta
1175 3016 1240 3060 esse

151 3115 312 3176 videantur
328 3139 334 3174 :
351 3117 518 3191 nonnulla,
535 3132 602 3191 oua
623 3119 815 3178 etiamnunc
836 3119 1039 3192 prudentibus
1052 3121 1157 3179 multis
1171 3123 1240 3178 6661

151 3251 216 3296 6666
231 3239 360 3311 possint.
376 3239 925 3311 1661666661616616616611166666
941 3240 1037 3312 quod,
1049 3238 1111 3297 6161
1121 3239 1239 3311 primus

151 3357 379 3430 philosophiam
391 3373 461 3419 cum
472 3359 541 3432 jure
556 3359 804 3432 conjungendam
819 3358 982 3431 censuerit,
993 3362 1072 3416 certe
1088 3358 1166 3416 nulli
1183 3373 1238 3416 66-

152 3491 244 3549 quam
267 3480 365 3551 magis
394 3480 480 3540 cordi
510 3479 602 3538 inerit
624 3481 785 3551 utramque
806 3479 887 3536 iuter
908 3492 940 3536 se
962 3478 1107 3553 miscere,
1129 3478 1238 3550 quidni

151 3598 272 3656 dicam?
288 3599 391 3658 nullus
402 3601 521 3660 felicius
536 3602 703 3674 miscuerit,
720 3601 825 3659 nullus
839 3599 959 3659 felicius
969 3603 999 3658 et
1012 3600 1125 3659 rationi
1136 3603 1165 3656 et
1179 3599 1237 3656 uti-

148 3719 226 3777 litati
241 3719 439 3779 cousuluerit.
458 3724 525 3780 Non
546 3722 629 3780 enim
651 3722 745 3780 modo
769 3722 862 3780 inane
884 3707 1070 3793 preceptum
1088 3719 1121 3775 in
1140 3719 1237 3789 capite

146 3839 225 3911 juris
239 3839 366 3898 inscribi
382 3855 489 3914 passus
505 3844 561 3913 est,
577 3843 632 3901 sed
652 3843 801 3901 rationem
821 3845 852 3900 61
871 3843 903 3899 16
919 3843 1000 3912 leges
1016 3838 1193 3899 condendas
1208 3843 1238 3897 et

148 3959 180 4015 16
191 3957 308 4030 judicia
322 3960 449 4019 terenda
469 3959 545 4018 etin
563 3959 614 4032 jus
630 3959 804 4019 docendum
816 3959 980 4017 transferre
996 3970 1155 4030 nunquam
1171 3955 1237 4012 des-

148 4079 208 4137 titit
228 4099 235 4136 6
257 4093 297 4137 66
312 4080 452 4139 ordinem
471 4080 596 4153 quidem
618 4079 848 4153 praelectionum
865 4079 1079 4138 orationumve
1098 4078 1231 4151 philoso-

147 4199 238 4271 phica
253 4201 344 4258 laude
358 4215 461 4261 carere
471 4203 577 4264 voluit.

182 4320 270 4378 Nulla
284 4321 329 4378 est
342 4321 402 4380 alia
417 4336 509 4383 causa
520 4336 574 4381 cur
584 4323 701 4394 aliquot
714 4335 832 4380 errores
844 4322 875 4380 in
888 4335 923 4380 eo
935 4321 1229 4392 animadvertantur,
