2782 4868
595 327 783 389 -ltl-

145 509 158 538 a
178 489 244 546 llon
258 484 356 558 placet
369 478 842 555 igiturextendilegespoenales,
852 475 1064 538 multominus
1074 479 1235 556 capitales,

145 627 157 661 α
177 606 218 666 ad
232 605 341 665 debota
360 616 452 664 nova.
469 623 483 655 e
502 605 569 662 llon
591 601 689 674 aliter,
705 600 739 658 in
757 612 898 659 sermone
915 604 957 656 De
977 596 1077 674 efficto
1089 599 1237 674 judicis:

145 749 158 780 o
179 727 240 800 Qut
251 726 377 803 fortiter
390 725 534 799 emooqtt,
544 722 627 781 eltctt
639 726 832 797 sanquinem,
849 734 1005 797 quumque
1020 723 1158 781 torcular
1171 723 1237 783 vini

145 866 158 894 r
178 843 327 918 premitur
339 842 463 917 fortius,
474 842 581 901 vinum
588 841 697 914 prodit
713 840 874 914 acerbum,
885 839 1010 899 acinum
1025 839 1162 913 sapiens.
1178 843 1237 900 lta·

147 987 161 1015 ι
178 977 237 1037 que
251 967 377 1024 caveant
396 963 456 1023 stbt
468 962 588 1037 judices
604 961 642 1021 ab
656 960 959 1035 interpretationibus
982 960 1086 1032 legum
1100 960 1189 1020 duris
1208 965 1239 1021 et

145 1105 158 1133 ι
178 1082 368 1143 illationibus
382 1083 441 1142 alte
455 1082 558 1156 petitis
574 1100 583 1140 e
600 1081 798 1156 nequeenim
818 1082 864 1139 est
883 1078 971 1154 pejor
995 1081 1127 1154 tortura,
1144 1093 1238 1154 quam

147 1222 159 1250 o
180 1203 297 1260 tortura
315 1202 428 1273 legum.
444 1202 597 1275 Praecipue
610 1201 644 1260 in
667 1201 785 1273 legibus
800 1201 991 1274 poenalibus,
1012 1213 1092 1259 curte
1116 1200 1158 1258 iis
1174 1213 1239 1260 esse

147 1343 159 1371 o
181 1320 285 1395 debet,
301 1334 355 1395 ne,
372 1335 440 1394 (pue
456 1321 489 1380 ln
506 1324 652 1379 terrorem
675 1320 744 1379 late
759 1322 846 1393 sunt,
862 1320 1021 1380 vertantur
1035 1318 1068 1378 in
1082 1319 1218 1390 rigorem
1231 1338 1239 1392 ;

148 1457 160 1489 a
181 1449 258 1497 neve
272 1437 306 1496 in
320 1437 470 1511 populum
483 1436 726 1511 superinducant
743 1437 873 1496 imbrem
887 1437 991 1511 illum,
1008 1435 1046 1495 de
1060 1450 1123 1510 quc
1139 1436 1238 1509 Scrip-

148 1577 161 1608 «
181 1558 268 1616 tura:
284 1556 371 1616 Ptuet
382 1574 473 1632 cuper
485 1573 532 1615 eos
543 1557 663 1633 laqueos
673 1556 727 1632 (t).
744 1557 864 1616 Etenim
877 1557 959 1628 leges
974 1556 1132 1631 poenales,
1151 1555 1179 1614 si
1195 1570 1240 1616 se-

148 1696 161 1727 ·
182 1690 252 1736 vere
266 1678 452 1739 exsecutioni
462 1677 701 1748 demandentur,
722 1677 795 1735 suut
810 1675 926 1734 similes
943 1674 1035 1733 imbri
1044 1674 1240 1749 laqueorum,

150 1818 165 1846 ι
183 1796 304 1856 cadenti
314 1810 407 1871 super
420 1797 581 1871 populum.
595 1799 699 1869 ltaque
714 1794 894 1869 hujusmodi
906 1793 1000 1868 teges,
1016 1792 1043 1851 si
1053 1792 1102 1851 rel
1122 1791 1239 1852 dormi·
1279 1871 1282 1874 ‚

161 1937 173 1965 ι
190 1914 290 1973 verint
301 1916 367 1992 dtu,
381 1917 431 1977 vel
445 1916 633 1989 temporibus
649 1915 850 1989 presentibus
863 1915 967 1974 minus
983 1912 1149 1987 quadrent,
1161 1926 1183 1972 a
1194 1912 1241 1987 lu-

149 2054 164 2083 o
185 2032 304 2092 dicibus
319 2033 521 2108 prudentibus
531 2034 565 2092 in
574 2035 767 2094 exsecutione
780 2047 887 2093 earnm
899 2033 1123 2107 exprimantur.

300 2254 430 2312 «ludicis
440 2253 558 2313 odicium
570 2257 626 2321 est,
640 2256 671 2309 ut
681 2267 741 2321 res,
752 2254 791 2308 ita
801 2257 919 2322 tempore
930 2265 1034 2320 rerum,
1045 2256 1100 2307 etc.
1116 2272 1127 2300 u
1187 2318 1189 2321 ¹

893 2345 989 2410 (Ovio.)

187 2555 302 2614 Eodem
323 2555 422 2615 tendit
436 2556 496 2614 boc
510 2558 696 2630 preceptum
719 2576 726 2614 :
753 2577 765 2608 l
787 2569 837 2616 xv.
854 2555 971 2616 statuta
988 2567 1056 2629 quae
1079 2554 1248 2615 manifesto

155 2695 167 2723 1
189 2673 334 2746 temporis
354 2674 436 2745 leges
457 2673 543 2733 fuere
568 2676 658 2747 atque
680 2687 717 2733 ex
736 2673 950 2734 occasionibus
972 2673 1147 2748 reipublicae
1171 2678 1249 2733 tune

155 2814 167 2843 «
188 2793 446 2853 invalescentibus
456 2796 551 2868 nata,
565 2794 682 2854 mutata
696 2793 814 2853 ratione
829 2797 1018 2885 temporum,
1039 2792 1113 2852 satis
1127 2791 1250 2870 babent

154 2934 166 2963 u
188 2914 215 2971 si
229 2927 262 2972 se
275 2915 309 2972 in
323 2915 458 2989 propriis
481 2915 604 2974 casibus
620 2914 772 2974 sustinere
791 2912 930 2986 possint:
946 2913 1168 2985 praepostemm
1191 2924 1248 2969 au-

154 3052 166 3082 «
189 3035 254 3091 tem·
267 3034 347 3092 esset
364 3033 391 3091 si
410 3033 450 3093 ad
468 3047 557 3094 casus
578 3023 710 3095 omissos
733 3033 798 3093 ullo
818 3032 912 3092 modo
938 3031 1120 3091 traheretur.
1138 3031 1247 3110 pNum

150 3152 231 3212 ultra
254 3153 298 3213 ire
319 3155 414 3229 licet,
447 3155 481 3214 in
507 3155 689 3229 casibusque
717 3169 795 3229 quos
818 3154 870 3218 ille
897 3151 1039 3227 proprios
1070 3150 1164 3225 dicit,
1196 3151 1249 3213 lex

152 3273 255 3331 omnis
270 3287 391 3348 semper
401 3277 607 3348 starepotest?
618 3275 674 3334 Ubi
688 3273 877 3334 consuetudo
892 3273 973 3331 inter
985 3272 1086 3331 fontes
1097 3269 1177 3344 iuris
1188 3273 1250 3345 est,

154 3387 347 3462 interpretari
362 3404 428 3449 non
444 3393 490 3450 est
503 3391 597 3451 modo
613 3405 747 3464 quarere
761 3406 801 3451 an
813 3391 964 3466 quosdam
980 3402 1068 3449 casus
1088 3389 1173 3463 regat
1186 3387 1250 3464 lex,

155 3506 210 3566 sed
224 3512 254 3567 et
268 3522 309 3568 en
323 3509 377 3569 illa
388 3508 488 3583 vigeat
503 3510 696 3583 adbuc,Non
715 3513 761 3569 est
779 3511 840 3570 boc
855 3511 954 3582 legem
976 3509 1141 3580 abrogare,
1163 3506 1254 3580 quod

154 3626 194 3685 ad
210 3627 324 3702 judicis
340 3627 478 3688 officium
503 3643 568 3688 non
582 3629 725 3706 pertinet,
747 3631 810 3689 imo
827 3628 929 3689 officio
947 3627 1030 3687 illius
1052 3626 1183 3686 omnino
1202 3631 1254 3686 est

152 3750 362 3810 contrarium:
377 3751 438 3809 boc
452 3752 498 3808 est
511 3749 614 3810 videre
630 3765 672 3810 an
684 3753 733 3811 lex
746 3765 806 3810 usu
825 3753 856 3812 et
877 3753 1014 3824 tempore
1031 3748 1070 3807 sit
1084 3748 1249 3821 abrogata,

190 4115 220 4177 (l)
230 4113 449 4169 tttcertittcate
459 4117 486 4168 to
496 4114 540 4168 bis
551 4115 662 4182 llajesty
672 4114 802 4181 torrebing
811 4113 858 4168 the
867 4115 986 4182 projecte
997 4110 1026 4180 ot
1035 4111 1073 4165 sir
1083 4111 1119 4165 st.
1134 4109 1250 4164 Proctor
1319 4118 1321 4124 ·

157 4203 272 4269 relating
292 4205 318 4257 to
336 4204 382 4258 the
401 4205 480 4258 lenal
498 4205 588 4258 laus:
614 4225 625 4252 κ
645 4207 668 4258 11
687 4205 710 4258 is
730 4208 801 4259 most
823 4205 925 4258 certain
942 4203 999 4256 tbat
1015 4215 1086 4269 your
1104 4202 1204 4269 people
1222 4204 1249 4257 is

161 4314 171 4340 1
195 4307 225 4347 so
240 4293 368 4349 easacred
381 4297 408 4348 iu
419 4309 434 4350 a
445 4296 617 4351 multitudine
629 4296 658 4352 of
668 4297 747 4364 penul
758 4297 840 4363 laus,
855 4299 909 4349 etc.
928 4317 938 4343 o
