2782 4868
617 351 784 410 .-79-

152 531 162 557 ιι
186 510 293 566 contra
328 503 480 578 justitiam
509 504 537 560 et
571 505 680 561 eontra
710 503 861 561 rationem
886 503 985 561 iacere
1013 503 1066 576 (1).
1097 525 1108 551 ·
1146 503 1240 574 Quin,

151 626 299 704 scribenti
321 625 402 682 inter
415 623 556 694 religiosa
572 622 671 697 bella,
696 624 748 682 aut
763 623 813 683 viu
828 624 1017 697 composita,
1035 627 1087 683 aut
1101 639 1173 685 mor
1186 626 1242 686 im‘

150 746 319 818 minentia,
344 758 408 803 non
434 743 562 802 omniuo
588 744 728 816 desperat
750 742 863 816 ubique
880 757 966 802 arma
988 744 1077 803 silere
1098 759 1188 817 posse
1212 749 1241 804 et

152 878 261 937 pacem
279 863 420 922 exerceri.
442 862 593 922 lnolinare
608 861 691 920 enim
706 861 746 920 ad
758 875 873 934 paoem
888 861 985 952 atatis
1001 875 1064 919 suae
1084 876 1185 922 mores
1202 863 1241 922 ad

150 985 299 1065 iacobum
308 984 414 1043 scribit
432 984 486 1058 (a),
503 984 597 1057 inque
608 983 749 1043 oratione
757 983 799 1043 ad
808 995 900 1043 usum
914 983 981 1057 ejus
996 983 1144 1043 inutiliter
1158 997 1241 1043 eom·

150 1106 264 1180 posita,
274 1118 376 1177 regem
386 1103 692 1174 facitsibi'gratulari
704 1105 799 1178 quod,
814 1106 945 1176 utruque
955 1117 1049 1176 regno
1066 1104 1243 1176 conjuncto,

149 1227 215 1298 jam
234 1225 408 1298 aequissime
433 1224 519 1282 omni
541 1227 662 1295 Europa
684 1223 716 1280 in
744 1235 838 1297 regna
859 1223 1033 1297 distributa,
1053 1222 1182 1282 fundata
1205 1223 1241 1280 sit

147 1342 364 1419 universorum
379 1340 618 1400 christianorum
632 1353 738 1410 regum
759 1353 831 1412 pax,
856 1354 913 1398 nee
932 1340 993 1398 alia
1007 1341 1046 1401 de
1061 1354 1093 1399 re
1115 1341 1195 1399 inter
1210 1353 1242 1398 se

149 1461 294 1520 certaturi
308 1460 370 1536 sint
380 1473 473 1533 quam
489 1458 558 1532 quis
568 1458 709 1517 felciores
719 1472 793 1517 suos
808 1458 923 1518 afliciat
939 1458 992 1534 (3).

188 1585 247 1641 Nec
277 1582 342 1654 ipse
374 1581 446 1640 belli
475 1582 617 1640 laudator
641 1580 684 1653 tl)
713 1580 829 1639 bellum
856 1594 929 1651 cum
958 1583 1070 1639 natura
1107 1580 1244 1640 hominis

152 1717 322 1777 congruere
346 1706 430 1763 ratus
450 1705 496 1762 est
516 1723 523 1760 :
549 1703 612 1761 imo
635 1702 745 1760 illude
761 1705 872 1760 natura
892 1701 935 1759 ita
958 1700 1122 1760 abhorrere
1142 1701 1243 1761 uisum

152 1822 216 1893 est,
238 1818 375 1877 utnulla
394 1818 488 1878 modo
511 1817 576 1876 lieri
596 1820 715 1891 posset,
737 1817 798 1890 nisi
816 1816 942 1889 jubente
961 1818 1031 1874 lieo.
1050 1818 1148 1885 Quum
1171 1827 1244 1887 vero

151 1936 270 2009 bellum
298 1935 378 1994 nihil
416 1935 500 1993 aliud
531 1949 625 2008 quam
648 1939 845 2009 perpetuum
873 1934 1030 2007 quoddam
1062 1931 1246 1991 miraculum

154 2055 206 2128 sit,
223 2057 370 2113 aeternam
378 2068 484 2127 pacem
499 2055 613 2127 ubique
624 2054 769 2127 componi
779 2067 872 2127 posse
885 2056 991 2126 negat,
1002 2067 1041 2111 ne
1055 2053 1088 2110 in
1102 2067 1166 2112 una
1179 2053 1245 2125 qui·

153 2175 226 2234 dem
240 2174 325 2242 orbis
340 2177 440 2248 parte,
457 2189 496 2233 ne
512 2175 544 2233 in
559 2175 748 2248 illaquidem
762 2187 829 2247 qum
845 2174 928 2234 civili
943 2174 1045 2246 cultu,
1057 2174 1153 2246 aequis
1172 2173 1244 2243 legi-

153 2294 223 2369 bus,
243 2293 390 2366 religione
405 2293 714 2354 Christianatruatur.

191 2417 308 2476 Bellum
330 2417 477 2489 omniuo,
498 2415 524 2474 si
540 2428 600 2488 qua
614 2415 680 2474 fieri
694 2415 808 2488 possit,
829 2413 1060 2486 exstirpandum
1076 2427 1142 2472 esse
1156 2426 1247 2472 nemo

154 2536 306 2597 infitiatur
321 2557 328 2594 :
345 2550 437 2609 quam
456 2538 559 2595 autem
574 2535 699 2596 difficile
715 2537 755 2595 sit
768 2536 860 2608 illud,
877 2549 942 2600 nou
956 2531 1059 2595 dicam'
1074 2535 1244 2609 exstirpari,

156 2661 212 2720 sed
226 2660 382 2733 paulisper
392 2661 425 2718 in
437 2673 583 2732 magnam
598 2659 733 2734 quadam
744 2659 827 2719 orbis
843 2661 992 2721 terrarum
1008 2660 1093 2731 parte
1103 2657 1248 2730 componi

154 2776 290 2837 fatentur
309 2790 436 2850 omnes,
453 2790 510 2836 nee
524 2777 576 2836 bei
596 2777 753 2851 quoddam
773 2777 907 2848 fingatur
925 2778 1109 2837 miraculum
1124 2787 1248 2835 necesse

156 2898 233 2956 est:
260 2908 366 2956 nonne
391 2896 498 2955 insunt
521 2897 667 2957 humanis
692 2896 867 2966 mentibus,
892 2897 976 2956 unde
998 2905 1159 2968 nunquam
1183 2896 1248 2955 erui

157 3017 341 3089 queant-tot
354 3015 439 3088 uitia,
452 3016 497 3074 tot
510 3016 702 3090 cupiditates,
714 3015 825 3090 quibus
835 3015 921 3075 nulla
930 2982 1119 3088 frequentior
1129 3014 1174 3071 sit
1186 3012 1249 3072 bel-

155 3137 259 3196 lorum
278 3142 390 3197 causa?
408 3139 452 3196 lta
465 3150 538 3197 vero
557 3137 597 3196 ad
612 3150 719 3211 pacem
737 3138 802 3196 nati
822 3151 928 3195 sumus
939 3180 947 3211 ,
960 3139 1046 3195 tanto
1062 3147 1249 3194 eam‘amore

157 3254 382 3328 amplectimur,
398 3260 449 3329 ut,
465 3256 492 3313 si
506 3255 584 3314 forte
600 3269 635 3314 ea
654 3255 875 3328 aliquantisper
888 3256 1037 3322 fruamur,
1050 3253 1115 3324 jam
1130 3264 1250 3323 semper

157 3387 227 3433 eam
237 3387 303 3433 esse
318 3388 497 3435 mansuram
512 3375 643 3434 libenter
653 3375 873 3435 existimemus.
890 3375 979 3434 Bellis
994 3375 1095 3433 autem
1106 3374 1249 3444 ingruen-

157 3494 257 3569 tibus,
278 3495 356 3566 fugit
375 3509 444 3568 spes
460 3497 562 3555 omnis
576 3499 698 3555 aterum
714 3497 816 3569 pacis,
833 3496 943 3555 iisdem
959 3492 1188 3565 desinentibus,
1203 3503 1249 3548 re-

87 3662 90 3667 .
158 3615 269 3674 ditura.

193 3959 224 4022 (l)
242 3961 281 4012 lu
295 3959 412 4027 apoloqy
424 3960 452 4014 ot
463 3960 509 4013 the
522 3961 579 4014 carl
595 3961 624 4013 oi
634 3962 726 4015 lissex.

191 4051 224 4113 (it
245 4051 348 4105 certain
363 4053 577 4107 consideretious
589 4052 718 4117 toucbiug
731 4051 776 4104 tha
790 4050 940 4117 plantation
953 4049 980 4101 in
991 4047 1104 4102 lreland.

195 4140 225 4204 (3)
246 4142 265 4194 l
283 4140 475 4206 proclamatiou
491 4143 582 4196 drawn
595 4143 636 4197 ior
647 4143 691 4194 lris
705 4143 832 4208 llajesty,
854 4142 911 4195 first
925 4138 1033 4204 coming
1047 4138 1075 4191 in
1093 4135 1247 4204 (prepared,

160 4238 208 4285 not
224 4235 309 4297 used).

197 4327 226 4385 (ll
239 4327 250 4376 J
256 4367 260 4376 ,
279 4327 310 4378 de
324 4328 442 4382 llaistrr.
465 4327 563 4380 f'or'ru'cr
575 4326 604 4377 dr
615 4324 897 4390 satur-idrusooerp.
915 4327 939 4375 it
955 4322 1096 4375 rutrutleu.
