2782 4868
599 337 766 400 ..52-

140 497 302 572 66116616νί
322 494 416 553 littere
435 504 541 551 rerum
561 491 716 562 inquirere
736 492 847 563 queat,
868 488 980 547 certius
1000 488 1032 546 in
1058 500 1138 549 easu
1158 503 1242 550 uno·

145 626 267 688 quoque
285 611 363 673 illud
387 611 527 671 invenire
551 621 642 683 posse
661 609 792 668 vitietur.
819 608 959 666 Attamen
982 606 1073 666 multi
1097 608 1243 681 potiores

147 745 214 791 osse
236 731 312 802 legis
342 742 435 802 quam
462 727 599 787 hominis
622 725 878 801 praesumptiones
907 724 1066 786 declarant
1089 725 1155 800 (1),
1180 739 1240 785 nee

147 852 253 911 dubito
269 851 344 924 qtll'n
359 862 430 909 eum
445 850 483 908 iis
500 849 691 909 consenserit
708 853 856 907 Baoonus.
878 851 937 908 Lex
950 848 1034 907 enim
1054 847 1086 906 et
1101 847 1239 919 gratiam

144 973 174 1029 et
187 970 338 1031 invidiam
353 969 504 1043 excludit,
520 983 587 1043 que
603 969 722 1042 quoties
740 968 903 1027 hominum
920 967 1038 1042 judicia
1054 966 1239 1041 perturbent

145 1087 301 1146 neminem
319 1085 400 1143 fallit
415 1104 423 1141 ι
441 1085 515 1143 satis
541 1086 587 1142 est
607 1083 881 1157 praesumptiones,
900 1095 976 1156 quas
1001 1081 1056 1140 iila
1076 1080 1153 1156 lert,
1172 1080 1236 1155 ple·

147 1216 277 1276 rumque
290 1213 361 1261 oum
370 1213 443 1261 vero
459 1202 635 1260 convenire.
646 1203 795 1260 preterea
808 1200 949 1259 omnium
963 1199 1055 1258 refert
1068 1198 1149 1258 seire
1162 1199 1239 1272 quio

147 1319 185 1377 tie
199 1332 320 1392 quaque
335 1331 368 1377 re
377 1317 582 1391 judicandum
597 1319 652 1391 sit,
672 1332 736 1376 non
755 1316 870 1377 suffieit
887 1317 1039 1390 suspicari
1057 1317 1135 1391 quin
1152 1317 1236 1391 jutli·

147 1439 210 1498 eeri
225 1437 333 1510 possit.

182 1562 228 1618 ill.
243 1573 283 1620 nn
299 1571 398 1621 ussus
413 1571 549 1630 oumnnu
565 1571 628 1620 non
644 1571 817 1620 urrtrrarrs
835 1571 931 1620 cnusn
946 1571 1125 1621 suasorem.
1137 1559 1237 1618 -llti-

147 1678 263 1738 litatem
282 1678 377 1739 finem
391 1693 457 1738 esse
472 1680 575 1752 legum
590 1679 724 1739 diximus
740 1698 747 1737 :
764 1680 821 1738 lias
835 1679 937 1737 autem
950 1679 990 1738 iis
1003 1679 1106 1737 inesse
1125 1678 1238 1738 debere

145 1801 309 1872 dignitates
324 1801 407 1874 quod
420 1801 510 1873 juste
524 1802 694 1874 praeceptis,
707 1803 797 1859 certor
812 1801 1008 1860 intimatione
1022 1800 1096 1859 sint.
1110 1801 1190 1859 inde
1204 1799 1238 1858 tit

147 1920 181 1977 ut
194 1930 274 1989 sape
288 1917 426 1975 terantur
439 1918 521 1987 leges
536 1930 603 1990 que
618 1931 683 1976 non
699 1917 739 1976 erl
750 1918 915 1978 utilitatem
926 1918 1237 1978 tenderevitieantur.

146 2038 222 2094 Nam
245 2048 342 2108 quum
360 2036 408 2093 lex
432 2034 550 2107 injusta
573 2038 625 2094 aut
653 2036 770 2096 incerta
790 2040 902 2110 exstat,
924 2049 960 2095 ee
979 2036 1182 2110 corrigenda,
1202 2050 1239 2096 ea

146 2151 340 2225 explananda
353 2154 416 2224 est,
432 2153 479 2224 et,
495 2154 643 2226 quoniam
657 2155 786 2213 nonnisi
799 2155 865 2227 lege
880 2155 992 2226 corrigi
1005 2154 1054 2214 vel
1073 2155 1237 2228 explanari

146 2275 265 2348 potest,
288 2273 415 2346 justitie
439 2288 532 2333 eausa
556 2275 605 2334 vel
628 2275 829 2335 dubitationis
853 2275 998 2334 tollenda
1023 2275 1122 2348 gratia
1145 2276 1240 2336 unioe

146 2396 313 2454 constituta
329 2396 378 2453 len
395 2410 478 2456 nove
494 2411 560 2456 esse
580 2398 732 2456 censetur.
754 2396 955 2457 constituitur
974 2396 1077 2454 autem
1096 2397 1133 2454 ut
1153 2393 1241 2455 hona

148 2513 189 2571 sit
202 2514 265 2588 lex,
283 2515 402 2587 ipsein
420 2517 583 2575 utilitatem
604 2518 792 2593 composita,
813 2531 870 2576 nee
890 2530 972 2576 nova
990 2516 1110 2574 illa-lex
1129 2529 1186 2589 per
1204 2530 1239 2576 se

147 2631 227 2688 stare
247 2632 364 2703 potest,
385 2645 481 2703 quum
501 2631 540 2690 orl
561 2632 653 2690 eliam
674 2632 833 2705 referatur,
854 2645 925 2691 oum
945 2632 1007 2691 alia
1025 2631 1157 2691 omnino
1177 2631 1236 2690 im-

147 2749 312 2808 misceatur
327 2749 604 2824 eonfrrndaturque.

182 2875 214 2930 ll.
230 2883 302 2942 oum
315 2882 449 2930 auounm
462 2883 530 2930 sinu
544 2883 584 2930 ns
599 2883 785 2933 nnnoonnno
798 2885 886 2933 rnna.
905 2905 937 2916 —
954 2874 1074 2933 Eodem
1090 2873 1128 2931 tie
1144 2873 1237 2933 abro-

145 2990 247 3059 gando
258 2991 341 3061 jure,
357 2999 424 3059 quie
440 2988 477 3046 de
492 2988 671 3062 condendo,
687 2990 828 3051 obtinent
842 2991 963 3062 regule.

186 3456 217 3520 til
235 3454 428 3522 Montesquieu,
441 3455 536 3526 Esprr't
547 3455 590 3510 des
602 3455 674 3520 tois,
686 3454 706 3508 1.
720 3467 803 3522 xxix,
817 3468 840 3509 o.
853 3468 911 3508 xvi.
