2782 4868
602 310 772 372 -gg..

125 454 130 459 Ι
145 497 217 555 dnm
232 492 310 565 regis
324 492 438 551 iactum
454 491 581 550 terenda
594 490 781 549 deliberare:
796 510 807 538 ·
824 490 913 548 lacta
925 489 1010 548 enim
1025 489 1105 562 regis
1120 491 1236 565 quibus

147 637 159 665 ·
180 615 346 686 gravantur
365 611 494 686 subjecti
515 613 569 670 aut
586 609 740 670 contraria
758 607 904 680 snntlegt
922 609 1053 682 ideoque
1066 622 1166 686 vana,
1183 614 1237 670 ant

148 757 159 786 ι
179 735 240 808 legi
255 735 480 809 consentanea,
495 733 601 804 gravia
615 734 727 791 tamen.
744 733 844 800 Quum
857 729 919 789 dno
933 729 1102 804 dutmala,
1112 728 1237 789 duobus

147 876 160 906 ι
179 856 331 915 utendum
344 857 390 914 est
404 855 548 914 remediis
564 874 572 913 :
589 854 670 913 11111
685 866 754 926 que
767 852 866 924 legem
880 851 1012 924 ledtmt,
1027 849 1148 924 judicio
1163 863 1235 923 pro·

148 1001 160 1030 a
181 991 278 1052 pene3
297 991 365 1050 quae
380 976 474 1036 nimis
489 976 567 1036 dura
581 977 612 1035 et
625 988 734 1049 aspera
747 975 835 1047 sunt,
847 971 988 1046 quamvis
1001 970 1236 1043 1111111111-

148 1115 162 1148 «
180 1095 327 1155 lismentc
343 1093 397 1168 (l).
416 1117 429 1144 ι

183 1212 228 1269 lta
241 1211 384 1269 conditur
395 1210 447 1283 jus
460 1212 496 1267 ut
508 1208 660 1282 populns,
676 1221 742 1267 nnn
755 1207 860 1265 minus
873 1218 966 1279 quam
986 1217 1039 1263 rex
1058 1202 1142 1277 lpse,
1157 1203 1238 1262 nulll

146 1326 205 1399 legi
219 1331 325 1400 pareat
338 1327 400 1385 nisi
414 1339 482 1400 que
496 1327 555 1399 ipsi
570 1326 729 1399 placuerit.
739 1326 939 1398 perlegales,
949 1337 1013 1384 non
1024 1322 1238 1396 perseipsum

147 1445 332 1504 sententiam
345 1445 419 1517 tert,
435 1448 488 1504 aut
501 1444 603 1518 potius
617 1444 708 1516 legati
723 1445 845 1518 ierunt,
860 1456 927 1503 non
939 1443 992 1501 ille
1002 1461 1011 1500 ε
1022 1442 1139 1516 equites
1152 1441 1239 1502 enim

147 1562 290 1637 civesque
306 1563 348 1638 (2)
367 1565 400 1624 in
420 1566 659 1626 Parliamentnm
673 1564 794 1624 collecti
807 1578 864 1638 pro
879 1563 996 1637 pupulo
1010 1564 1098 1637 sunt,
1115 1562 1190 1636 sed,
1206 1561 1239 1619 in

147 1686 254 1744 multis
274 1687 382 1760 rebus,
397 1687 539 1760 quamvis
558 1686 770 1759 delegantibus
791 1697 858 1743 sese
877 1683 1009 1757 probare
1028 1682 1177 1754 debeant,
1193 1681 1238 1742 lo·

147 1809 284 1880 quuntur
297 1812 400 1867 tamen
415 1822 452 1866 ex
466 1808 747 1880 11111111111113).
760 1811 831 1865 lure
841 1805 965 1880 qudem
977 1824 987 1863 ε
1002 1803 1117 1863 etenim
1130 1803 1239 1862 absur-

149 1923 224 1982 dum
242 1926 288 1982 est
306 1938 491 1998 quemquam
511 1925 643 1997 delegan·
661 1925 715 1999 uui
738 1924 777 1983 de
800 1924 891 1983 rebus
915 1921 1048 1995 publicis
1072 1919 1240 1992 deliberet,

151 2041 212 2100 nisi
226 2041 321 2101 libere
339 2043 519 2115 suffragium
539 2045 657 2104 laturus
673 2065 681 2104 :
695 2045 760 2118 jam
780 2058 888 2104 eorum
909 2045 956 2102 est
974 2041 1028 2115 qui
1046 2039 1156 2114 populi
1172 2053 1243 2099 esse

149 2162 274 2235 plenam
288 2163 484 2236 potestatem,
496 2163 569 2236 quia
578 2163 712 2237 pupulus
724 2164 781 2236 sit,
792 2163 1000 2237 centendunt,
1010 2173 1187 2237 asseverare
1197 2161 1244 2220 nil

151 2279 236 2338 aliud
260 2280 352 2341 licere
375 2282 483 2354 legatis
505 2282 607 2341 dicere
630 2283 660 2340 et
684 2282 779 2356 terre,
799 2282 1011 2356 praeterquod
1029 2279 1244 2352 delegantibus

152 2401 311 2471 acceptum
330 2402 371 2458 sit
391 2401 528 2462 :melius
551 2403 733 2462 dictumest
754 2402 960 2475 legatosidee
984 2400 1066 2460 mitti
1089 2403 1124 2459 ut
1148 2401 1245 2460 simul

152 2518 228 2590 quid
241 2519 320 2578 ferat
334 2520 499 2593 jubeatque
513 2522 590 2580 ratio
605 2526 760 2595 querant,
776 2536 890 2596 eosque
903 2522 975 2594 eligi
990 2521 1044 2594 qul
1059 2520 1099 2580 ad
1112 2519 1147 2578 id
1159 2533 1244 2593 que·

153 2639 285 2698 rendum
307 2640 459 2713 aptissimi
477 2640 541 2699 sint
556 2661 564 2700 ε
580 2643 629 2700 sin
648 2643 769 2718 minus,
794 2655 885 2717 quem
906 2657 972 2702 non
985 2654 1077 2716 pesse
1090 2640 1243 2715 delegari,

152 2773 248 2833 quum
266 2759 345 2818 nihil
361 2760 538 2820 faciendum
556 2762 597 2820 sit
616 2762 677 2820 nisi
699 2763 843 2841 voluntas
861 2762 947 2821 urbis
960 2761 1059 2822 vinive
1078 2759 1246 2834 cuiusdam

152 2881 259 2952 legatis
272 2881 351 2940 alius
364 2881 450 2940 urbis
463 2882 584 2955 vicique
599 2883 765 2955 aperienda
779 2883 842 2957 (111

188 2998 248 3055 Nec
267 2997 370 3056 tamen
393 2998 485 3057 unice
504 2999 579 3072 quid
598 3000 673 3058 velit
689 3000 928 3060 parliamentum
952 3001 999 3058 est
1022 2996 1243 3072 querendum,

156 3118 210 3176 sed
223 3119 253 3177 et
266 3119 373 3193 pepuli
385 3119 529 3180 habenda
544 3121 623 3180 ratic
638 3124 684 3180 est
700 3141 707 3179 :
726 3144 738 3173 «
757 3123 863 3193 Quoad
876 3122 1040 3196 populum,
1055 3120 1139 3180 selec
1154 3131 1242 3192 spec-

159 3257 171 3286 «
193 3237 256 3295 tare
275 3251 340 3297 non
360 3238 465 3298 minus
481 3239 562 3298 ultra
584 3239 822 3300 parliamentum
840 3253 934 3313 quarn
947 3240 1050 3312 ipsum
1066 3237 1105 3297 ad
1127 3235 1243 3296 111111-

158 3376 172 3407 a
193 3359 331 3414 mentum
347 3356 400 3430 (5).
419 3358 567 3416 »Etenim
580 3371 758 3430 quanquam
772 3373 867 3431 penes
886 3360 1003 3430 legatos
1022 3358 1157 3431 potestas
1178 3358 1242 3428 est,

191 3725 224 3788 111
237 3723 274 3776 ln
285 3726 426 3790 argument
436 3724 465 3778 oi
475 3724 514 3778 sir
525 3725 551 3779 l'.
566 3726 652 3779 bacon
665 3724 780 3791 proving
790 3723 835 3778 the
847 3723 937 3788 king's
950 3721 1023 3789 right
1033 3721 1063 3776 oi
1070 3721 1244 3788 impositione

158 3827 192 3867 on
203 3814 404 3868 merebandises
415 3815 549 3881 imparted
558 3815 611 3870 and
619 3815 761 3882 experted.

193 3907 224 3968 tit
237 3905 313 3958 «The
325 3905 449 3972 lrnigbts,
462 3905 573 3961 citizens
586 3907 639 3960 and
651 3905 809 3972 burgesses.
825 3926 836 3952 ι»

193 3997 223 4062 (3)
237 3999 255 4050 1
267 3995 367 4064 speech
378 4000 444 4063 etc,
457 3998 586 4064 tnucbing
596 3998 644 4053 the
657 4010 817 4066 pnrreyors

192 4089 264 4154 11111.
277 4090 381 4155 deinoi,
395 4088 443 4144 lec.
456 4090 503 4144 cit.

127 4193 131 4202 ·
197 4185 226 4248 ti)
240 4184 258 4236 l
270 4183 369 4250 speech
379 4184 517 4238 delivered
526 4185 563 4251 by
574 4185 620 4240 the
628 4185 717 4252 king’s
729 4188 851 4251 attorney
862 4185 891 4237 in
903 4184 948 4237 the
958 4182 1042 4237 lever
1052 4181 1155 4245 house,
1165 4180 1243 4236 vhcn

162 4274 207 4332 the
218 4275 302 4331 house
317 4288 372 4329 uas
383 4275 411 4329 ln
421 4279 496 4342 great
505 4277 567 4330 bcat
578 4276 630 4331 and
642 4277 721 4330 much
734 4275 859 4330 troubled
871 4287 943 4342 upon
955 4272 1143 4328 undertakers.
