2782 4868
570 302 761 363 -tit-

125 454 247 523 «fuerit
281 453 448 511 admodum
474 453 633 525 eximium,
663 455 760 515 siieto.
791 488 821 498 -
862 470 953 519 111111.
977 463 1121 523 ecrscnae
1149 481 1223 540 qua

126 596 137 624 ι
155 572 332 647 hujusmodi
365 573 482 646 judicia
512 574 666 647 excipiant
696 589 732 635 eu
761 577 918 639 advocatis
947 563 1081 643 manime
1115 585 1223 647 doctis

126 714 139 740 ι
158 693 250 751 sunto
265 694 296 750 et
313 691 518 752 honorarium
534 693 659 753 liberale
680 709 717 754 ea
740 695 864 769 publico
880 698 1073 771 excipiunto.
1090 703 1224 765 iudices

123 828 139 868 0
156 812 215 885 ipsi
240 813 278 870 ab
297 812 479 885 huiusmodi
494 814 769 903 perscriptionibus
785 816 980 892 abstinente,
996 833 1037 879 ne
1053 820 1135 881 forte
1152 823 1221 897 opi·

124 955 137 984 ιι
158 933 304 993 nionibus
320 935 453 1008 propriis
467 935 582 994 addicti
602 938 632 995 ct
651 906 832 998 auctoritate
845 940 972 1013 propria
990 941 1079 1017 freti,
1101 944 1223 1006 limites

124 1071 136 1099 ι
156 1050 356 1112 referendarii
380 1052 608 1112 transcendant.
636 1085 667 1095 —
698 1068 800 1115 111111.
826 1055 946 1115 iudicia
964 1058 1018 1119 illa
1040 1060 1075 1119 iu
1103 1061 1221 1123 ordine

126 1197 139 1224 ι
159 1175 188 1232 et
202 1174 280 1231 serie
295 1174 443 1245 temporis
457 1173 600 1245 digeritm
618 1189 683 1233 non
702 1188 756 1247 per
772 1174 954 1233 methodum
977 1179 1007 1236 et
1021 1177 1128 1238 11111οε
1144 1183 1220 1241 suut

125 1317 136 1345 ι
159 1293 242 1353 euim
261 1293 375 1366 scripta
396 1292 592 1365 hujusmodi,
621 1297 769 1368 tanquam
790 1295 927 1354 historie
950 1298 1004 1354 aut
1022 1299 1221 1367 narrationes

125 1437 137 1464 ιι
158 1415 270 1487 legum.
286 1416 388 1487 Neque
403 1413 505 1473 solum
520 1414 682 1487 actaipsa,
699 1415 752 1472 sed
770 1419 800 1473 et
816 1416 953 1489 tempora
963 1415 1101 1489 ipsorum
1117 1415 1219 1488 judici

126 1556 137 1583 ιι
158 1534 302 1607 prudenti
316 1534 418 1592 lucem
433 1533 581 1607 praebent.
601 1555 614 1582 n

159 1654 275 1729 scripta
291 1654 467 1713 authentica
481 1655 510 1712 ei
523 1655 606 1727 apud
621 1654 800 1728 Britannos,
817 1654 887 1712 etsi
907 1667 968 1727 qua
982 1657 1102 1714 Bacono
1118 1654 1218 1729 fides,

122 1772 220 1843 ligant
235 1772 381 1845 judicem.
403 1771 521 1831 iudicio
541 1773 622 1845 lato,
646 1771 684 1829 de
699 1771 885 1844 quastione,
902 1769 1004 1829 omnis
1025 1771 1058 1829 iu
1076 1771 1219 1831 11111111

125 1892 241 1950 tollitur
261 1891 424 1964 dubitatio,
446 1906 510 1950 non
530 1893 634 1965 miuus
659 1904 751 1963 quam
771 1892 836 1962 lege
862 1891 997 1951 condita.
1019 1894 1162 1952 baconus
1185 1893 1219 1950 in

123 2010 314 2082 gravioribus
329 2011 429 2069 causis
451 2013 570 2069 tantum
589 2010 744 2083 praescribi
764 2009 880 2081 judicia
890 2009 993 2083 jubet,
1009 2021 1050 2066 ue
1063 2009 1220 2069 immensa

124 2132 206 2190 mole
232 2145 337 2190 eorum
361 2132 507 2190 obruatur
528 2131 580 2205 jus
604 2131 832 2190 Britannicum:
860 2153 871 2180 ιι
892 2130 991 2204 Nibil,
1016 2132 1052 2188 ut
1070 2131 1131 2206 ait,
1154 2132 1219 2191 1111

128 2272 139 2301 ιι
161 2252 287 2310 11111001
305 2251 497 2310 certitudinis
517 2252 619 2323 legum
642 2265 734 2324 quam
753 2253 788 2308 ut
808 2251 921 2322 scripta
942 2249 1119 2309 authentica
1133 2250 1220 2311 intra

128 2394 139 2422 ιι
161 2372 239 2431 fines
258 2374 433 2433 moderatos
457 2377 663 2447 coerceantur,
690 2375 719 2431 et
740 2373 871 2431 facessat
892 2370 1056 2429 multitudo
1078 2372 1221 2431 enormis

128 2511 139 2539 ιι
161 2491 321 2548 auctorum
344 2493 373 2547 et
393 2492 554 2549 doctorum
574 2491 691 2561 injure
713 2489 766 2561 (t).
790 2510 801 2538 r
824 2488 877 2544 vix
895 2487 1058 2559 «glossam
1079 2488 1219 2561 aliquam

130 2630 139 2658 ιι
161 2605 276 2666 bonam
302 2631 314 2659 ι
342 2609 456 2680 patitur
480 2611 509 2666 et
537 2631 548 2659 ιι
575 2609 760 2681 scriptorum
784 2621 952 2680 paucorum
978 2607 1125 2680 pauculas
1143 2622 1218 2681 por-

130 2753 141 2780 o
162 2731 271 2789 tiones,
289 2752 300 2780 r

162 2856 206 2907 De
216 2854 362 2923 responsis
372 2855 402 2906 et
411 2849 563 2906 coercitis.
578 2849 633 2907 iila
648 2851 700 2907 aut
714 2863 732 2906 a
747 2848 948 2921 prudentibus
962 2851 1016 2915 aut
1028 2861 1047 2907 1
1058 2848 1221 2921 judicibus

127 2970 203 3042 ipsis
222 2969 283 3042 peti
304 2970 444 3041 possunt.
467 2969 633 3027 Prudentes
652 2967 771 3026 consuli
787 2967 897 3026 soient.
913 2971 1030 3041 Roma,
1048 2967 1075 3026 si
1088 2967 1169 3027 forte
1183 2969 1221 3028 in

130 3101 225 3146 unum
248 3087 478 3146 consensissent
500 3099 625 3161 omnes,
650 3085 840 3157 magistratui
859 3085 898 3142 ab
918 3083 1041 3143 iliorum
1062 3056 1221 3145 sententia

128 3208 267 3267 recedere
286 3222 351 3266 non
372 3207 471 3279 licuit,
493 3207 556 3265 imo
580 3207 623 3264 111
641 3207 737 3264 valuit
756 3205 943 3278 prudentum
964 3205 1148 3280 auctoritas,
1173 3205 1222 3266 ita

125 3330 244 3404 judices
260 3330 349 3388 rudes
364 3329 519 3400 crassique
534 3341 655 3386 evasere
673 3330 708 3384 ut
722 3327 783 3385 illis
798 3341 863 3386 non
876 3326 973 3398 leges,
989 3339 1054 3385 nou
1067 3327 1223 3400 rescripta

129 3446 319 3507 consulenda
343 3447 469 3503 edixerit
493 3446 695 3520 theodosius,
720 3446 773 3504 sed
801 3444 892 3505 unice
915 3444 1115 3517 quaerendum
1140 3446 1223 3519 quid

129 3565 305 3623 statuissent
333 3566 468 3638 quinque
497 3565 682 3637 scriptores,
712 3564 824 3636 Gaius,
853 3563 1059 3637 Papinianus,
1087 3563 1222 3641 PauluS,

130 3686 292 3760 Ulpianus,
308 3677 493 3745 Modestinus
510 3686 656 3759 :quodsi
674 3699 781 3746 omnes
804 3685 886 3743 idem
905 3682 1156 3757 respondissent,
1173 3685 1223 3743 nil

28 3773 31 3779 ⁴
128 3807 265 3879 facilius3
283 3808 366 3880 quod
384 3808 409 3865 si
430 3809 509 3867 inter
523 3823 554 3867 se
569 3809 757 3881 pugnarent,
773 3805 899 3878 majoris
916 3804 1011 3878 partis
1027 3803 1220 3876 ampiecten-

128 3927 199 3985 dam
220 3927 422 4002 sententiam3
440 3930 465 3987 si
487 3929 547 3988 duo
569 3929 621 3988 aut
635 3929 764 3999 quatuor
781 3926 900 3985 tantum
916 3925 953 3983 de
969 3936 1062 3984 causa
1077 3921 1219 3996 disputa·
