2782 4868
603 338 793 400 -tbb-

152 490 414 567 careantjucloss,
430 491 479 551 lais
496 493 597 550 tamon
613 491 736 551 illorum
751 493 930 564 potestatem
947 499 1121 569 competere
1135 543 1144 574 ,
1156 514 1248 575 quum

150 613 219 671 lltes
227 611 395 697 judicando
411 608 621 684 dealdunttt).

188 733 287 802 Quum
303 729 382 790 nihil
395 728 481 789 allud
492 728 613 803 judices
628 741 722 803 quam
740 729 829 801 rogia
844 733 1004 804 potcstatis
1024 740 1149 809 partem
1166 755 1248 804 sser-

151 854 252 926 ooant,
262 863 368 910 nonno
381 848 506 908 cuilibet
518 861 555 908 ea
567 848 701 920 delegari
712 850 830 922 potest?
843 851 965 912 iudioos
974 854 1132 930 principio
1149 872 1250 924 creare

151 983 204 1029 ren
217 967 379 1043 1111111
391 967 539 1042 ipso,jam
553 965 859 1040 rerumpublicarum
872 968 1145 1036 administratione
1158 991 1249 1040 ocen-

151 1090 258 1162 patus,
274 1085 636 1159 causarumprivatarum
649 1083 803 1143 immensa
813 1083 896 1144 mols
905 1086 1087 1149 obrueretur
1102 1111 1110 1149 ε
1128 1095 1251 1167 quodsi

152 1219 230 1280 quas
248 1205 381 1265 instituit
393 1204 494 1264 curias
508 1203 668 1277 pauciores
679 1216 745 1262 esso
759 1204 863 1280 sentit,
878 1206 954 1280 quio
963 1207 1068 1270 obstat
1081 1214 1252 1284 quominus

150 1327 227 1385 allas
241 1326 399 1384 instituat?
414 1324 503 1396 llegis
523 1327 569 1383 est
583 1323 685 1382 curias
703 1325 851 1400 condere,
872 1326 899 1385 si
909 1330 1033 1390 liacono
1047 1331 1251 1396 credentium.

149 1445 262 1505 iocobo
281 1444 366 1502 enim
381 1442 489 1503 suadet
503 1445 538 1501 ut
558 1442 675 1503 curiam
692 1444 860 1517 1111111111
874 1445 1033 1522 instituat,
1048 1463 1118 1522 quo
1133 1453 1251 1524 pariter

150 1564 323 1624 infinibus
353 1563 467 1637 anglio
482 1535 659 1637 kscotiaeque
685 1566 802 1639 valeat,
829 1566 1061 1642 socunuumque
1088 1571 1250 1648 utriusque

149 1686 237 1759 regni
249 1686 331 1758 leges
344 1687 435 1760 atquo
450 1684 687 1744 consuetudines
696 1685 749 1759 jus
761 1685 853 1762 dicat,
865 1687 921 1747 scd
931 1688 1059 1748 mixtam
1074 1703 1144 1753 esse
1153 1695 1248 1770 cupit,

150 1806 235 1880 quod
250 1805 292 1865 ad
311 1803 563 1878 conjunctionem
577 1802 825 1863 efficacissimum
843 1805 910 1865 iore
931 1807 1099 1869 arbitratur
1116 1811 1174 1888 (2).
1190 1816 1249 1874 Noc

149 1926 244 1984 satis:
267 1946 280 1976 s
299 1924 391 1994 Quasi
400 1936 566 1982 commune
577 1922 736 1982 vinculum
750 1924 910 1999 utriusque
920 1925 1016 2002 juris,
1027 1939 1131 2000 regem
1141 1932 1247 1994 borta-

153 2066 166 2096 tt
187 2046 237 2104 tur
249 2046 284 2103 ut
294 2043 383 2116 justa
391 2055 457 2102 sose
470 2042 587 2101 curiam
597 2042 704 2119 erigat,
716 2057 830 2116 magno
840 2045 1086 2107 consiliatiallim
1099 2051 1247 2130 similans,

154 2188 168 2216 ι
186 2165 333 2238 adquam
354 2161 455 2237 possit
468 2162 625 2221 evocando
640 2175 749 2222 canem
762 2163 949 2238 ajutlicibus
962 2166 1128 2228 ordinariis
1144 2173 1246 2233 trans·

152 2309 164 2339 a
185 2289 263 2346 ferre
272 2300 338 2346 non
348 2285 594 2358 aliteratqucrer
601 2283 701 2343 Gallim
712 2283 897 2345 adsotrablt
905 2300 955 2347 res
963 2301 998 2369 11
1014 2289 1162 2351 omnibus
1173 2307 1247 2367 par·

151 2431 165 2460 a
184 2409 354 2482 liamontis,
369 2419 500 2482 quorum
516 2406 634 2480 aliquot
648 2405 814 2466 remotiora
828 2410 901 2467 sunt
914 2422 934 2469 a
945 2410 1167 2487 Lutetiaouam
1182 2415 1248 2477 ulla

152 2552 165 2580 a
184 2528 291 2588 scotia
304 2540 376 2601 pars
392 2525 577 2585 alonoinio
592 2525 645 2596 (3).
666 2547 679 2574 ι

183 2649 242 2706 Nec
257 2645 331 2706 satis
344 2656 478 2718 cauum,
488 2657 547 2703 noc
556 2644 631 2703 satis
644 2644 719 2705 utile
728 2644 806 2705 milri
819 2644 941 2710 ridetur
956 2662 1023 2709 essa
1038 2652 1152 2712 Baconl
1167 2667 1246 2715 con·

147 2767 263 2826 silium.
279 2769 358 2826 llum
373 2767 518 2840 possunt,
533 2765 567 2824 in
580 2766 676 2826 mixta
689 2766 887 2844 monarchia,
899 2782 918 2828 a
931 2783 1002 2842 rege
1019 2772 1116 2832 croarl
1132 2775 1248 2836 eurise?

147 2890 254 2947 Nonne
274 2886 353 2946 ordo
367 2885 600 2958 magistratuum
620 2886 730 2959 ingens
749 2889 851 2960 legum
869 2902 943 2962 pars
956 2892 1019 2966 ost,
1033 2895 1086 2965 ut,
1102 2893 1157 2953 illo
1172 2908 1245 2968 por·

147 3008 268 3068 turbato
278 3051 287 3083 ,
298 3008 359 3067 illos
370 3020 491 3082 quoque
500 3006 684 3080 perturbata
698 3019 765 3066 esso
774 3008 957 3069 videantur?
973 3011 1058 3071 ldie
1071 3013 1157 3086 quob
1171 3027 1245 3075 raro

147 3129 220 3189 novi
232 3128 351 3203 judices
360 3129 567 3204 reputantur,
581 3128 643 3187 nisi
655 3129 695 3188 ad
704 3142 802 3189 novas
816 3144 924 3191 causas
936 3151 944 3190 :
956 3132 1023 3206 ipse
1036 3138 1176 3195 baconus
1185 3150 1247 3198 cur

146 3265 243 3311 novas
251 3250 368 3309 institui
385 3250 485 3309 curias
493 3249 587 3323 cupit,
603 3248 665 3307 nisi
680 3251 714 3308 ut
727 3249 892 3309 misceatur
900 3251 952 3325 jos
961 3252 1121 3326 utriusque
1136 3258 1245 3328 regni?

144 3372 216 3440 Quae
232 3382 279 3427 res
296 3369 363 3427 sine
372 3368 575 3427 parliamento
591 3367 677 3427 nullo
692 3368 785 3428 modo
800 3367 866 3427 llari
882 3369 985 3444 debet,
1004 3385 1099 3446 quum
1109 3387 1163 3431 111
1173 3388 1243 3434 non

143 3489 242 3562 possit
256 3489 323 3548 sino
339 3488 393 3548 illo
408 3490 490 3561 loges
509 3490 562 3548 aut
580 3489 714 3548 condere
736 3493 790 3549 aut
809 3494 938 3551 mutare.
959 3492 1041 3552 Nlbil
1060 3493 1112 3552 ille
1127 3497 1245 3567 praeter

142 3611 281 3685 exempla
296 3611 435 3685 quasiit:
451 3623 559 3670 omnes
569 3611 672 3670 autem
681 3610 872 3672 Britannicas
883 3614 983 3674 curias
994 3613 1143 3687 aregibus
1153 3628 1241 3679 crea·

144 3730 191 3786 tas
205 3730 310 3804 fertur,
325 3729 522 3790 aculielmol
537 3742 636 3803 usque
650 3729 690 3790 ad
701 3730 920 3805 mirabellum,
931 3735 1067 3806 tempore
1078 3745 1139 3806 quo
1156 3747 1240 3794 non·

177 4124 209 4188 tl)
228 4123 264 4176 lle
283 4121 347 4189 leg.
365 4136 417 4177 vu.

177 4214 208 4278 tit
228 4215 332 4267 certain
347 4215 453 4269 articles
468 4227 499 4269 or
510 4212 738 4278 consideratione,
752 4215 806 4267 eto.

176 4305 211 4372 ti)
230 4304 300 4358 ibid.
