2782 4868
586 367 776 428 -llo-

135 535 172 579 er
184 520 323 579 moribus
340 518 468 590 expulsa
483 518 546 575 erat
562 513 619 590 (l),
637 517 860 589 damnatusque
880 516 931 574 ille
951 516 984 574 in
1007 517 1144 579 vinculis
1158 534 1236 582 mox

133 641 273 698 mortuus
289 639 344 695 est.
1231 605 1237 619 ⁶

169 760 204 816 ln
219 757 280 816 alia
295 769 388 815 causa
400 755 492 827 paulo
507 755 577 826 post
595 756 625 811 et
640 766 696 811 sua
712 753 862 825 potestate
874 765 952 811 usus
966 755 1019 811 aot
1032 752 1139 826 potius
1154 755 1233 814 ahu·

133 889 186 934 sus
201 878 248 934 est
261 874 406 948 tamone,
428 876 458 931 et
472 873 498 931 ei
515 886 580 930 sese
600 872 778 931 ministrum
793 870 924 943 praehuit
942 875 1080 932 Baconm
1096 876 1129 932 et
1146 888 1234 935 unus

133 992 252 1052 obstitit
268 992 390 1052 dolius.
406 995 505 1060 Quum
526 991 564 1048 de
580 989 793 1049 ecclesiasticis
813 989 970 1048 benefieiis
985 1005 1004 1050 a
1022 1004 1092 1063 rege
1107 993 1234 1053 collatis

132 1113 319 1186 litigaretur,
340 1111 470 1170 lacobus
489 1110 675 1184 ajudicibus
690 1124 746 1183 per
761 1114 915 1169 Baconum
929 1111 1015 1185 petiit
1031 1114 1066 1169 ut
1080 1112 1116 1169 in
1131 1112 1231 1171 alium

134 1234 216 1292 diem
241 1232 398 1291 differrent
426 1232 593 1304 judicium,
621 1232 694 1304 quia
717 1232 868 1291 cumillis
889 1231 1024 1304 colloqui
1050 1232 1147 1292 vellet
1170 1233 1228 1308 (Ω).

134 1355 272 1410 Baconus
298 1348 423 1422 quidem
446 1348 486 1406 ad
510 1348 687 1408 Eduardum
711 1348 837 1407 cokium
854 1349 941 1422 jussa
965 1349 1048 1421 regia
1068 1351 1232 1423 quampri-

134 1478 221 1525 mum
241 1464 327 1523 misit
345 1464 565 1537 mandavitque
587 1465 613 1522 ei
629 1465 804 1523 utiliorum
833 1465 966 1536 collegas
990 1479 1064 1527 suos
1078 1469 1230 1531 certiores

134 1582 272 1640 faceret:
293 1602 305 1631 r
325 1579 493 1654 Respondit
512 1594 581 1641 meo
600 1582 726 1653 nuntio,
754 1582 860 1640 scribit
875 1583 914 1642 ad
940 1597 1041 1655 regem
1068 1589 1231 1653 Baconus.

137 1723 150 1753 tt
170 1700 250 1759 nihil
264 1701 375 1761 melius
385 1701 452 1759 fore
467 1715 560 1774 quam
575 1702 691 1760 ceteros
700 1700 819 1773 judices
840 1714 921 1759 ame
935 1701 1065 1761 istorum
1081 1705 1232 1765 certiores

136 1843 149 1869 ι
171 1819 253 1893 fieri3
268 1833 323 1891 ego
340 1820 465 1892 quidem
480 1820 532 1892 qui
552 1832 660 1878 causas
674 1820 796 1877 nectere
806 1819 910 1877 nescio
921 1819 1078 1892 quoniuus
1093 1821 1151 1880 tibi
1165 1835 1230 1882 ser-

137 1961 149 1986 ·
170 1937 268 2011 uiam,
290 1939 399 2011 scripsi
414 1939 454 1997 ad
473 1938 612 2009 singulos
625 1937 762 2011 judices,
790 1939 823 1995 in
839 1938 978 2011 epistolis
991 1939 1169 1998 litterarum
1188 1941 1230 1999 ad

139 2055 337 2128 «praesidem
361 2056 527 2115 missarum
551 2057 631 2115 iacta
654 2057 823 2115 mentione.
848 2079 859 2107 n
882 2057 1088 2116 Nihilominus
1103 2058 1231 2132 judices

137 2170 322 2230 sententiam
338 2171 453 2230 tulere:
476 2172 655 2244 indignatur
670 2177 829 2231 Boconus:
853 2195 863 2223 n
890 2174 917 2231 si
937 2174 1062 2246 quidem
1082 2175 1230 2235 defende·

140 2313 151 2341 u
173 2294 242 2350 rent
265 2291 311 2350 illi
337 2305 533 2351 communem
555 2293 705 2364 regulam,
733 2292 813 2348 coru
834 2294 1021 2368 cepcdtmcs,
1041 2293 1123 2351 cattle·
1142 2295 1230 2370 dipte-

140 2429 152 2457 c
173 2424 272 2466 remos
277 2413 450 2482 justitiam,
466 2409 527 2469 duo
544 2401 719 2483 objicienda
733 2411 820 2481 sunt,
836 2423 950 2483 unum,
969 2410 1052 2483 quod
1066 2411 1230 2471 maturum

139 2549 151 2578 o
173 2542 344 2615 sanumque
358 2530 521 2588 consilium
536 2543 607 2587 cum
621 2543 708 2588 mora
718 2543 782 2587 non
794 2528 1046 2587 confundendum
1056 2529 1111 2604 sit,
1124 2542 1231 2604 neque

134 2668 152 2726 ‚e
173 2648 225 2714 illi
242 2648 397 2708 abstinent
411 2650 486 2722 quin
500 2651 566 2708 hec
581 2663 643 2721 pror
659 2662 690 2708 se
704 2650 822 2721 terent,
843 2648 897 2707 uhi
922 2663 1000 2721 opus
1018 2650 1079 2722 est,
1093 2648 1230 2712 alterum

142 2790 153 2817 u
174 2767 257 2839 quod
272 2767 440 2840 plurimum
451 2767 596 2827 differunt
605 2781 693 2826 casus
709 2768 789 2826 inter
800 2768 970 2841 subjectum
980 2768 1230 2850 subjectumque,

141 2908 153 2938 α
172 2890 203 2946 et
226 2900 315 2946 casus
332 2887 386 2947 uhi
404 2887 492 2958 Regis
513 2887 711 2946 commodum
731 2887 878 2946 miscetur
896 2890 949 2945 aut
970 2887 1083 2947 directe
1097 2891 1152 2948 aut
1171 2905 1230 2963 per

141 3007 465 3080 «consequentiam»
489 3009 555 3066 Nou
586 3007 690 3065 minus
714 3020 805 3079 quam
828 3010 981 3081 Baconus,
1008 3005 1136 3079 indigue
1157 3009 1231 3068 tulit

138 3125 197 3182 Rex
210 3122 350 3195 judicum
364 3124 581 3196 pervicaciam,
597 3136 724 3195 remque
738 3123 849 3195 exponi
861 3123 954 3195 jussit
962 3123 996 3180 in
1011 3124 1126 3196 scripto
1139 3127 1230 3198 quod

138 3241 270 3299 correxit
284 3243 389 3301 noster
404 3241 454 3316 (3).
473 3242 563 3315 cujus
578 3243 663 3317 prior
685 3254 756 3314 pars
772 3242 812 3299 ad
825 3241 917 3300 aliam
938 3252 1062 3301 causam
1082 3245 1230 3316 spectat:

138 3358 254 3417 scilicet
267 3361 351 3432 quod
364 3361 449 3419 curin
464 3361 568 3430 Regis,
592 3359 722 3432 preside
737 3359 845 3433 colio,
870 3358 909 3417 ad
927 3359 1047 3432 juratos
1065 3359 1231 3420 detulisset

138 3477 304 3549 litigatores
325 3481 394 3552 qui,
420 3479 572 3538 sententia
596 3479 665 3552 jure
689 3480 846 3538 communi
873 3480 949 3549 lata,
979 3479 1019 3537 ad
1047 3479 1230 3539 cancellarii

174 4040 204 4103 tl)
224 4038 290 4092 Lord
303 4039 447 4105 liccaulap
462 4037 509 4095 lor.
523 4038 568 4092 cit.
581 4069 613 4076 --
624 4039 737 4106 lingard
748 4079 754 4106 ,
767 4042 789 4092 t.
806 4053 849 4105 rr,
864 4053 890 4093 c.
906 4054 938 4091 11.

170 4131 201 4192 tt)
221 4130 306 4182 letter
318 4143 381 4181 cxrr
391 4132 417 4182 to
432 4129 477 4183 the
490 4130 554 4196 ling
564 4129 644 4183 about
657 4130 701 4184 the
714 4131 928 4185 commendoms,

172 4218 203 4281 tlt
223 4220 242 4270 l
262 4218 401 4271 memorial
422 4219 463 4272 tor
484 4219 527 4273 his
548 4219 668 4285 llalcsty,
695 4220 833 4276 corrected
854 4217 917 4274 nith
940 4218 977 4271 sir
1004 4217 1031 4271 l.
1058 4218 1160 4272 lacon.
1194 4250 1232 4259 -

138 4306 224 4362 letter
233 4319 298 4361 cru.
