2782 4868
659 347 805 406 ..3-

188 497 262 570 quid
278 497 315 555 de
329 497 455 570 legibus,
473 498 533 556 nisi
560 500 650 559 antea
666 501 739 572 quid
757 501 794 559 de
816 501 942 560 scientia
958 502 1043 560 omui
1066 505 1215 576 optaverit
1230 509 1280 566 vir

186 621 307 690 noster,
325 618 504 692 speraverit,
524 618 669 693 effecerit,
690 622 881 693 compertum
895 634 960 680 esse
974 625 1084 695 potest.

220 739 284 795 linc
298 737 458 807 ingenium
472 736 636 796 verolamii
650 739 761 796 natura
775 752 965 812 propensum
977 740 1073 800 inisse
1088 744 1124 799 ut
1139 743 1171 800 in
1189 748 1279 802 omni

185 871 216 916 re
230 857 393 915 utilitatem
408 860 556 930 quereret
565 859 642 916 nulli
653 859 838 932 jampridem
852 860 981 918 dubium
996 862 1041 919 est
1057 860 1111 934 (t).
1125 864 1193 934 lpse
1206 865 1275 936 qui-

184 978 255 1036 dem
266 991 346 1051 saepe
356 979 472 1037 veteres
484 978 604 1038 incusat
618 979 701 1051 quod
716 980 805 1038 vanis
820 980 910 1051 nugis
926 981 1047 1052 tempus
1063 981 1201 1040 triverint
1218 981 1228 1053 (
1253 983 1276 1056 ),

182 1097 368 1154 recentiores
389 1096 528 1168 increpat
549 1097 633 1170 quod
657 1099 794 1156 veterum
816 1111 916 1168 nugas
942 1099 1165 1170 amplectantur
1190 1113 1278 1156 nunc

182 1217 275 1274 etiam
290 1230 325 1274 ac
341 1217 541 1289 venerentur,
558 1230 590 1274 se
605 1217 706 1275 autem
723 1219 753 1274 et
767 1216 860 1274 aliam
879 1217 961 1275 viam
976 1217 1149 1287 ingressum
1166 1229 1232 1275 esse
1247 1222 1279 1275 et

181 1337 241 1394 alio
257 1332 380 1394 tendere
396 1336 544 1408 declarat,
562 1335 679 1393 seilicet
693 1337 727 1393 ut
741 1336 905 1394 hominum
924 1337 1071 1396 inserviat
1086 1338 1236 1396 societati.

216 1453 294 1522 Quin
313 1453 395 1526 quod
411 1454 493 1526 cepit
508 1453 674 1512 eonsilium
688 1454 732 1511 ita
745 1455 876 1512 miratur
890 1456 924 1511 ut
939 1454 1087 1515 divinitus
1102 1455 1161 1513 sihi
1177 1455 1273 1528 injec-

181 1573 246 1627 tum
261 1584 327 1628 esse
347 1572 517 1646 existimet,
538 1585 573 1630 ac
593 1571 656 1629 fere
678 1584 710 1629 se
730 1585 749 1629 a
768 1574 828 1629 Deo
851 1573 982 1631 missum
1005 1573 1195 1647 profiteatur,
1220 1577 1274 1647 qui

180 1685 317 1744 humana
342 1689 451 1759 augeat
475 1688 658 1760 commoda,
678 1687 878 1746 incommoda
905 1703 977 1748 vero
998 1692 1051 1748 aut
1076 1690 1196 1748 minuat
1222 1695 1276 1748 aut

179 1803 293 1860 soletur
311 1804 360 1877 (3).
387 1804 506 1862 Etenim
520 1803 697 1876 scopiserae,
714 1806 749 1861 ut
765 1805 808 1862 ait
823 1807 944 1879 Cicero,
969 1807 1173 1879 philosophia
1191 1809 1271 1880 parti

215 2232 244 2294 (1)
257 2229 325 2282 Lord
336 2227 480 2295 Maeaclap,
492 2229 585 2295 lissey,
600 2241 626 2294 p.
645 2230 676 2280 92
692 2244 697 2279 :
714 2247 723 2274 ιι
738 2227 813 2280 What
823 2226 888 2279 then
897 2237 951 2279 vas
963 2223 1011 2278 the
1021 2224 1074 2277 end
1084 2223 1171 2279 which
1183 2224 1270 2277 Paeon

183 2340 193 2365 ιι
214 2320 349 2387 proposed
367 2322 394 2372 to
410 2319 539 2372 himself?
555 2319 578 2371 lt
593 2331 663 2384 was,
682 2321 708 2372 to
729 2331 778 2372 use
796 2317 841 2370 his
859 2329 919 2369 own
941 2314 1075 2381 emphatic
1094 2316 1268 2382 expression,

183 2429 193 2455 ιι
213 2409 294 2477 fruit.
315 2412 339 2463 lt
348 2424 403 2465 was
415 2411 461 2464 the
471 2410 645 2476 multiplyiug
655 2409 684 2463 oi
695 2409 796 2462 human
808 2408 980 2473 enjovments
992 2407 1044 2458 aud
1059 2406 1106 2461 the
1117 2407 1271 2472 mitigating

183 2518 192 2544 ιι
213 2499 242 2552 ol
259 2499 359 2553 human
378 2499 534 2564 sufferings.
554 2500 577 2551 lt
593 2512 649 2552 was
669 2499 716 2552 the
731 2496 813 2564 reltcf
827 2496 859 2563 of
875 2495 918 2548 the
936 2495 1023 2548 mon’s
1043 2499 1125 2549 estote
1145 2495 1219 2563 (odo.
1241 2495 1274 2564 of

183 2610 193 2636 ιι
214 2588 352 2658 learninp,
366 2591 398 2654 ll.
409 2618 442 2627 -
454 2590 477 2641 lt
487 2603 542 2642 was
555 2587 701 2641 commodis
714 2587 842 2640 hamonis
854 2587 986 2640 inservire
998 2586 1040 2655 (de
1049 2587 1119 2656 Aup.
1134 2589 1190 2652 vn).
1204 2616 1236 2624 -
1247 2589 1270 2639 lt

183 2702 193 2727 ιι
212 2695 267 2735 was
290 2679 431 2749 efficaciter
459 2680 567 2750 operari
598 2679 634 2734 cd
663 2677 828 2734 sublevando
856 2678 923 2732 oitae
945 2677 1071 2732 hantone
1100 2675 1270 2731 incommodo

184 2792 194 2816 ιι
217 2771 259 2837 (lb.
274 2785 308 2833 rr,
322 2774 356 2836 2).
371 2801 404 2810 —
420 2772 443 2824 lt
455 2785 509 2827 was
524 2770 616 2825 dotare
634 2771 724 2825 vitam
741 2769 891 2823 humanam
908 2768 989 2823 novis
1008 2768 1127 2823 incentis
1145 2773 1169 2822 et
1184 2768 1270 2836 copiis

184 2882 194 2910 ι
215 2863 295 2930 (Νου.
311 2861 375 2931 Orp.
389 2876 409 2927 r,
421 2863 471 2925 81).
483 2893 515 2899 —
526 2864 549 2915 lt
560 2875 616 2917 was
627 2876 710 2930 penos
722 2860 872 2915 humanum
885 2860 964 2914 nouis
978 2859 1100 2930 operibus
1114 2864 1138 2913 ct
1152 2863 1269 2929 potesta·

184 2974 194 2999 ιι
215 2953 286 3007 tibus
297 2952 425 3005 continuo
437 2950 529 3006 dotare
541 2951 617 3021 (Cep.
635 2956 659 3005 et
673 2951 755 3018 uiso).
768 2952 831 3005 This
848 2965 903 3007 was
915 2951 961 3004 tha
973 2951 1062 3017 ohject
1074 2951 1101 3004 oi
1110 2950 1146 3004 all
1155 2950 1199 3003 his
1211 2965 1271 3016 spe·

184 3065 194 3090 ιι
215 3044 360 3108 culations,
380 3044 408 3096 in
430 3056 512 3110 every
535 3043 703 3109 department
724 3041 752 3095 oi
773 3043 894 3109 seleuce,
916 3043 945 3096 in
965 3041 1072 3096 natural
1092 3040 1267 3109 philosophy,

185 3156 194 3181 ιι
216 3136 246 3187 tn
258 3133 426 3203 epistotam,
438 3133 469 3186 in
478 3133 603 3203 politior,
616 3134 645 3186 in
656 3135 769 3186 morals.
786 3153 796 3181 v

215 3228 246 3289 til
264 3228 324 3291 dog.
339 3229 366 3280 et
376 3228 449 3289 visa,
466 3228 505 3278 13.
520 3246 530 3273 ιι
544 3226 628 3292 Atque
639 3225 723 3291 hujus
734 3225 891 3292 philosophi
905 3224 1038 3289 (Platonis)
1060 3224 1084 3277 si
1102 3223 1163 3290 quis
1183 3226 1269 3276 atten-

184 3336 195 3362 ιι
215 3317 269 3368 tius
281 3319 308 3368 et
320 3314 420 3381 scripta
431 3316 458 3367 et
469 3328 559 3368 mores
575 3314 741 3380 consideret,
761 3328 824 3368 eum
841 3313 875 3367 de
891 3312 1063 3378 philosophia
1081 3313 1198 3366 naturali
1213 3326 1269 3365 non

184 3427 194 3453 ιι
214 3407 357 3460 admodum
367 3405 511 3459 sollicitum
522 3405 605 3460 tuisse
616 3407 742 3472 reperiet,
752 3405 806 3458 uisi
816 3406 950 3472 quatenus
960 3403 994 3456 ad
1004 3402 1159 3470 philosophi
1169 3415 1270 3456 nomen

184 3517 195 3543 ιι
215 3500 242 3551 et
257 3495 440 3550 celebritatem
455 3496 597 3561 tuendam,
617 3496 661 3551 vel
678 3497 711 3549 ad
730 3497 898 3562 majestatem
916 3495 1059 3563 quamdam
1077 3493 1225 3547 moralihns
1244 3498 1271 3546 et

184 3607 195 3636 ιι
215 3586 340 3642 civilibus
355 3587 483 3640 doctrinis
495 3587 644 3641 addendam
655 3590 682 3641 et
693 3587 1058 3654 adspergendamsuffieeret.
1074 3606 1085 3633 ι
1099 3615 1132 3622 -
1143 3584 1187 3652 Cf.
1199 3583 1268 3638 Noc.

182 3677 246 3746 Orp.
257 3680 299 3733 tl.
318 3698 328 3725 ιι
340 3678 400 3731 Erat
409 3681 500 3732 autem
511 3679 641 3745 sapientia
652 3679 802 3731 Graecorum
816 3677 983 3744 professoria
992 3680 1019 3731 et
1030 3677 1059 3730 in
1071 3676 1269 3743 disputationes

184 3789 195 3816 ιι
214 3769 300 3822 effusa
312 3783 318 3820 ι
331 3768 403 3836 quod
416 3782 503 3834 genus
519 3769 703 3836 inquisitionis
714 3768 837 3822 veritatis
852 3768 1075 3822 adversissimam
1091 3769 1141 3820 est.
1161 3786 1171 3813 ι
1188 3767 1270 3826 Quam

182 3859 215 3912 de
227 3857 516 3925 antiqnaphilosophia
527 3859 686 3912 sententiam
703 3858 797 3913 tulerit
813 3859 933 3913 Baoonus
947 3860 1033 3924 magis
1050 3862 1270 3925 compertumest

181 3963 261 4018 quam
270 3951 299 4002 ut
310 3948 387 4015 plura
398 3950 477 4003 istius
489 3949 632 4004 afferamus
647 3950 811 4004 testimonia.
1230 3944 1234 3949 ’

215 4042 244 4106 (3)
266 4040 331 4094 lust.
358 4053 461 4106 magnae
484 4053 546 4107 pars
568 4053 619 4106 nr,
644 4041 765 4093 ductoris
787 4041 927 4096 monitum.
959 4071 991 4078 —
1014 4042 1152 4107 Temporis
1175 4042 1269 4106 partus

180 4131 329 4198 maximus,
354 4132 440 4185 initio.
457 4161 488 4169 —
500 4133 565 4185 inst.
587 4145 702 4198 magna,
728 4130 868 4185 dedicatio.
881 4161 914 4170 -
928 4132 1064 4195 Precatio,
1079 4134 1093 4183 3
1111 4147 1117 4185 :
1144 4150 1153 4176 ιι
1169 4121 1268 4182 Praeter

182 4244 192 4270 ιι
212 4224 352 4278 innumera
368 4226 476 4290 peccata
489 4236 563 4290 mea,
580 4223 712 4277 confiteor
732 4223 804 4290 quod
823 4223 874 4275 sim
895 4222 1000 4277 debitor
1018 4226 1081 4276 tuus
1098 4220 1132 4274 oh
1153 4220 1269 4284 benigna

182 4334 192 4357 ιι
213 4312 310 4366 talenta
323 4312 455 4364 donorum
473 4315 499 4365 et
520 4311 612 4378 gratiae
624 4314 692 4378 luae,
710 4325 769 4380 qnae
787 4312 945 4379 nentiquam
961 4312 1069 4367 sudario
1082 4309 1200 4372 involvi,
1217 4321 1266 4362 nec
