2782 4868
593 308 783 368 *rol-

145 474 237 535 quom
258 473 328 518 eum
349 471 469 530 semper
489 459 517 514 et
537 458 648 530 ubique
667 462 821 516 baconum
835 454 939 515 fuisse.
957 455 1075 514 scilicet
1096 456 1151 516 ille
1172 468 1236 517 non

145 581 205 638 olla
223 580 336 650 injure
353 577 434 637 civili
451 577 569 635 ratione
589 590 664 634 usus
687 580 752 649 est,
775 578 864 649 atque
885 577 917 634 in
941 578 1143 650 philosophia
1160 585 1236 638 cete·

145 703 247 774 risone
262 699 421 759 doctrinis.
441 704 502 759 lloc
517 701 583 772 ejus
598 701 759 772 proprium
781 700 839 759 fuit
857 700 940 773 quod
960 702 1031 759 ante
1051 702 1162 760 omnia
1179 716 1237 759 usu

146 825 176 878 et
191 820 406 892 experimentis
428 822 568 877 constare
587 818 742 879 doctrinas
761 819 896 892 jusserit.
915 823 981 879 Non
1000 814 1103 878 autem
1122 822 1238 892 pariter

148 941 234 1000 omni
256 942 288 999 in
312 939 453 999 doctrina
473 940 577 997 valent
596 951 671 996 usus
693 942 722 996 et
740 940 966 1012 experimenta,
983 940 1067 1011 quod
1080 939 1195 997 fatetur
1210 944 1239 997 11

148 1061 213 1134 ipsc
236 1065 393 1133 baconus,
410 1062 574 1132 postquam
590 1072 662 1117 vero
683 1059 842 1117 confessus
864 1062 924 1132 est,
940 1073 1005 1117 non
1024 1072 1148 1132 semper
1163 1061 1236 1117 satis

148 1193 254 1237 curare
273 1179 403 1236 videtur.
417 1179 562 1237 Ι1111111111
587 1154 717 1251 quidem
736 1179 769 1236 in
793 1178 935 1238 doctrina
954 1179 1036 1238 civili
1060 1180 1236 1240 inductioni

149 1298 251 1356 locum
275 1298 366 1369 fecit,
393 1296 506 1354 oblitus
528 1310 674 1368 magnam
696 1297 779 1355 illius
805 1311 871 1356 esse
892 1301 1010 1371 partem
1034 1314 1103 1372 pua
1124 1303 1236 1362 rationi

149 1417 352 1488 relinquenda
370 1419 466 1488 esset,
488 1430 552 1474 non
572 1430 609 1475 en
626 1430 687 1475 usu
706 1417 840 1488 pendere
861 1417 993 1477 deberet.
1010 1422 1161 1480 Praeterea
1177 1422 1236 1482 duo

149 1540 239 1612 sunt,
254 1539 289 1597 nt
303 1539 344 1596 ita
355 1535 472 1611 (licam,
488 1539 608 1597 usus-et
623 1538 903 1610 experimentorum
918 1552 1041 1609 genera.
1057 1541 1137 1598 Hinc
1152 1542 1235 1599 enim

149 1672 186 1716 er
201 1658 306 1731 rebus,
326 1671 393 1731 quae
411 1658 445 1715 in
462 1661 573 1717 natura
587 1657 749 1716 observata
765 1661 854 1730 sunt,
871 1661 992 1717 constat
1006 1672 1074 1731 qua
1089 1673 1165 1718 vera
1180 1662 1238 1720 clici

149 1781 251 1851 potest
264 1778 466 1852 experientia3
483 1778 570 1837 illinc
580 1793 616 1836 ex
627 1779 828 1851 opinionibus
847 1779 1025 1854 hominum,
1042 1784 1239 1856 quaenomen

151 1899 288 1971 ejusdem
303 1911 452 1970 usurpare
471 1898 586 1970 injuria
610 1900 749 1956 conatur.
772 1899 859 1967 Quod
879 1900 919 1958 ad
938 1900 1082 1973 physicas
1096 1902 1239 1962 scientias

151 2021 276 2091 attinet,
297 2019 386 2079 111111
406 2020 530 2091 quidem
548 2032 651 2078 rerum
666 2022 776 2078 natura
793 2035 811 2079 a
832 2023 934 2080 mente
949 2022 1115 2082 hominum
1130 2025 1238 2083 distin·

150 2140 270 2213 guitur,
295 2153 343 2200 res
368 2140 406 2198 ab
431 2139 631 2212 opinionibus
657 2143 859 2199 secernuntur
884 2161 891 2197 ε
917 2142 950 2198 in
974 2143 1144 2202 moralibus
1168 2159 1239 2205 vero

151 2262 307 2336 scientiis,
328 2262 434 2320 eadem
455 2260 577 2319 facilius
603 2261 752 2331 conlundi
776 2262 900 2319 solent:
920 2274 1031 2336 nempe
1053 2264 1134 2323 nihil
1155 2264 1239 2324 aliud

151 2382 198 2437 est
223 2377 359 2450 subjecta
381 2377 430 2434 bis
455 2376 601 2450 materia,
629 2377 800 2448 naturaque
825 2390 949 2450 rerum,
976 2379 1037 2436 nisi
1061 2393 1152 2439 mens
1174 2381 1240 2453 ipsa

152 2498 316 2557 bominum
331 2497 512 2568 animusque
525 2513 532 2568 3
548 2496 627 2554 nihil
642 2497 726 2555 aliud
739 2497 981 2572 inquirendum,
1002 2500 1062 2557 nisi
1078 2501 1154 2572 quid
1175 2503 1239 2560 ani·

153 2631 221 2676 mus
237 2617 288 2674 ille
303 2619 356 2674 aut
371 2617 404 2673 iu
420 2629 452 2674 se
468 2616 608 2674 habuerit
622 2616 792 2688 habeatque
802 2662 809 2690 ,
821 2621 873 2676 aut
883 2621 967 2677 111111
980 2633 1013 2678 se
1028 2621 1132 2692 ipsum
1148 2623 1241 2693 egerit

154 2735 293 2804 agatque.
312 2733 359 2790 Nil
379 2735 482 2791 autem
503 2733 665 2805 opiniones
686 2734 848 2793 hominurn
865 2736 905 2794 11
919 2739 1085 2796 mutandas
1098 2740 1241 2812 physicas

153 2858 234 2927 leges
253 2857 384 2928 possunt
401 2873 408 2912 ε
425 2855 557 2914 multum
580 2857 688 2915 contra
706 2856 738 2913 in
761 2857 905 2929 historia,
921 2859 1056 2933 legibus,
1072 2860 1239 2933 institutis,

154 2975 294 3034 moribus
314 2976 435 3050 valent,
453 2977 536 3035 unde
556 2975 590 3034 llt
610 2977 645 3033 ut
668 2978 736 3048 ipsa
755 2977 789 3034 in
815 2980 959 3036 naturam
981 2991 1085 3036 rernm
1112 2980 1241 3038 transire

112 3111 115 3115 ·
153 3094 326 3152 videantur.
349 3098 416 3153 lam
435 3108 558 3152 necesse
579 3096 640 3169 est,
663 3110 727 3154 non
749 3096 853 3154 minus
873 3110 968 3169 quam
987 3099 1021 3156 ln
1040 3099 1186 3173 physica,
1210 3102 1241 3158 in

155 3215 296 3274 doctrina
314 3215 397 3275 civili
416 3215 606 3275 inductionis
625 3216 747 3286 regulas
764 3217 920 3276 observari
934 3231 1053 3277 omnes.
1076 3220 1144 3276 Non
1159 3233 1241 3291 vero,

157 3337 269 3394 baconi
281 3338 385 3410 atate,
403 3337 448 3395 tot
462 3348 511 3394 res
522 3336 602 3393 inter
613 3349 646 3392 se
660 3336 793 3394 conferri
802 3338 979 3409 potuerant,
989 3337 1115 3408 utleges
1131 3338 1241 3396 consti·

156 3454 313 3511 tuerentur
327 3454 415 3510 certa
434 3453 622 3525 omninoque
637 3456 753 3511 naturae
769 3467 872 3512 rerum
887 3456 1129 3512 consentaneum
1146 3454 1243 3513 cilice-

62 3564 65 3571 ’
156 3575 240 3634 11111
254 3571 352 3633 civilis
369 3573 516 3631 doctrina
531 3588 652 3647 corpus.
681 3575 884 3646 opinionibus
909 3575 1001 3647 igitur
1027 3575 1079 3632 ille
1104 3575 1242 3633 adbaesit.

158 3694 233 3751 lnde
255 3697 454 3752 consecutum
476 3695 521 3751 est
542 3694 761 3763 1111111111,
786 3692 893 3752 eadem
913 3695 1083 3753 rationein
1105 3694 1244 3752 civilibus

158 3813 354 3885 physicisque
376 3813 466 3870 rebus
485 3826 578 3888 usus,
601 3814 633 3870 in
658 3813 706 3872 bis
731 3827 828 3875 novas
847 3828 895 3873 res
915 3815 1043 3874 omnino
1064 3814 1192 3887 faceret,
1213 3815 1244 3871 in

158 3933 220 3992 illis
238 3936 355 3994 veteres
374 3935 606 4006 amplecteretur
629 3937 832 4008 servaretque.
855 3938 922 3995 Non
945 3949 1019 3994 sane
1036 3935 1111 3994 11111
1127 3937 1245 3994 111111·

160 4054 234 4111 llum
244 4056 388 4126 putamus
401 4055 557 4128 scriptori,
570 4056 596 4113 si
607 4057 704 4115 nimio
717 4057 750 4114 in
767 4070 871 4115 amore
885 4058 996 4116 habeat
1010 4056 1144 4128 vigentia
1159 4055 1243 4114 insti·

159 4175 223 4231 luta
242 4173 399 4246 legesque,
424 4175 486 4234 imo
507 4190 542 4235 eo
568 4176 666 4247 magis
684 4178 769 4235 laudi
791 4178 966 4236 ducendum
988 4192 1049 4250 quo
1072 4177 1173 4237 rarius
1188 4177 1243 4249 sit,

158 4305 214 4350 nec
238 4295 392 4354 nescimus
410 4295 501 4355 aliam
519 4310 584 4355 esse
607 4299 687 4355 civili
709 4299 741 4355 in
768 4299 921 4371 doctrina,
944 4300 1036 4358 aliam
1061 4299 1093 4357 in
1119 4298 1245 4370 physica
