2782 4868
608 364 773 424 ψιά-

146 517 209 578 sive
219 518 259 576 ad
267 516 417 589 privatos,
432 518 495 575 sire
506 517 545 576 ed
560 515 713 589 publicam
727 530 791 575 rem
805 519 968 591 pertineat,
980 523 1009 577 et
1017 517 1068 590 jus
1079 519 1235 591 gentium,

145 635 228 708 quod
243 635 324 707 apud
341 635 523 693 recentiores
541 634 719 693 nominetur
742 633 801 708 (t),
822 635 848 691 si
867 634 906 692 od
920 635 1031 692 Bacoui
1054 635 1102 694 vel
1126 634 1236 706 potius

145 765 340 811 communem
365 765 491 810 sensum
515 751 672 823 attendas,
703 765 768 809 non
797 751 894 821 legem
927 750 989 822 juri
1020 750 1235 823 aequipollere,

144 870 218 930 istos
231 886 303 932 vero
318 872 452 946 regulas,
479 871 591 944 quibus
610 873 690 930 iuter
709 884 741 929 se
763 870 974 941 astringuntur
995 872 1115 941 gentes,
1141 870 1236 942 quasi

145 992 228 1050 extra
241 991 338 1063 legem
352 993 468 1064 positas
483 1006 563 1065 esse,
578 992 617 1049 de
632 991 743 1063 quibus
759 992 861 1049 temen
883 990 958 1062 quid
972 991 1124 1048 censuerit
1137 993 1233 1048 Bano-

144 1123 204 1168 nus
219 1125 317 1183 operae
332 1112 464 1183 pretium
478 1113 524 1170 est
539 1111 744 1169 considerare.

181 1234 216 1288 11.
238 1243 322 1300 ouon
344 1243 433 1291 soors
451 1242 599 1291 utrumn
617 1243 692 1291 essu
720 1243 811 1290 mom
837 1242 985 1291 eudorus.
1013 1262 1045 1271 -
1075 1231 1165 1289 omni
1188 1233 1235 1290 rei

147 1350 192 1405 est
206 1360 261 1406 sua
274 1351 399 1422 nutura,
416 1349 586 1408 secundum
601 1361 693 1420 quum
715 1362 780 1407 sese
796 1348 931 1421 habene,
953 1349 1037 1406 bona
1059 1362 1126 1407 esse
1148 1349 1234 1408 vide-

146 1469 214 1525 tur:
241 1470 392 1540 aquosi
417 1469 576 1540 abhorret,
600 1468 665 1541 jam
690 1467 751 1526 alia
770 1481 819 1525 res
844 1467 953 1538 incipit
981 1467 1099 1524 haberi.
1133 1467 1233 1539 inspi-

147 1584 257 1644 cienda
281 1591 327 1644 est
349 1587 441 1658 igitur
461 1589 573 1650 natura
598 1587 688 1660 legis,
715 1587 748 1645 id
772 1588 832 1659 est,
847 1586 1047 1658 querendum
1066 1585 1238 1643 secundum

148 1706 222 1777 quid
243 1721 275 1766 se
299 1709 416 1768 babens
439 1710 522 1769 bona
544 1723 580 1768 nc
601 1723 673 1769 vern
691 1710 824 1767 teresse
845 1708 997 1781 videatur,
1023 1707 1097 1780 quid
1117 1708 1156 1765 sit
1181 1721 1238 1765 cur

149 1839 259 1885 omnes
273 1828 356 1900 apud
377 1829 534 1903 homines,
551 1830 637 1888 omui
657 1830 792 1900 tempore
822 1826 1038 1886 constituenda
1066 1827 1114 1884 sit.
1138 1827 1235 1885 Proti-

149 1960 209 2005 nus
230 1951 394 2021 dipoitutes
417 1948 601 2022 (tinuoque
625 1949 728 2020 legum
750 1961 818 2021 quae
842 1961 908 2006 esse
935 1947 1065 2005 debeant
1081 1947 1115 2006 in
1134 1948 1239 2004 mente

149 2068 240 2126 nobis
254 2070 299 2127 est
313 2081 458 2141 querere.
475 2069 505 2127 si
520 2069 638 2128 Platoni
652 2069 841 2126 credendum
855 2071 914 2141 est,
930 2068 978 2126 lex
992 2081 1028 2126 eo
1043 2067 1240 2126 constituitur

71 2165 76 2175 ⁴
150 2198 212 2257 quo
227 2185 348 2245 facilius
362 2185 535 2258 certiusque
550 2185 590 2243 ad
603 2185 748 2244 virtutem
760 2184 903 2243 homines
917 2184 1134 2257 perducantur,
1150 2188 1196 2256 et,
1212 2185 1239 2242 si

151 2306 204 2380 noi
219 2310 272 2366 ant
289 2308 400 2366 nutura
419 2309 472 2364 aut
496 2306 613 2365 nature
629 2305 762 2378 quadam
785 2302 958 2375 corruptela
977 2303 1017 2362 ad
1031 2302 1116 2361 iilam
1130 2315 1241 2373 parum

152 2424 214 2482 sint
228 2427 391 2499 propensi,
412 2439 480 2485 eam
495 2429 598 2484 tumen
613 2424 755 2498 persequi
775 2425 933 2495 cogantur.
953 2426 1037 2481 Hauc
1054 2423 1145 2493 igitur
1162 2423 1240 2494 legis

153 2553 219 2598 esse
242 2542 384 2599 naturam
398 2544 433 2599 ut
452 2543 543 2601 unice
564 2543 604 2601 ud
624 2543 769 2602 virtutem
785 2541 891 2600 tendat
910 2554 974 2600 non
994 2542 1088 2600 semel
1106 2542 1242 2601 declarat

152 2661 203 2719 iiie
219 2659 272 2735 (3),
288 2663 317 2719 et
331 2662 431 2721 Minoa
444 2661 563 2735 laudat,
578 2662 681 2735 quod,
697 2662 778 2733 leges
793 2661 939 2734 ferendo,
955 2673 1020 2719 non
1033 2674 1129 2720 uuam
1143 2660 1238 2721 virtu-

154 2781 192 2838 tis
217 2783 355 2855 partem,
378 2783 525 2855 tunquam
550 2785 719 2855 Lycurgus,
747 2781 947 2855 affectaverit,
973 2796 1037 2841 nou
1057 2782 1095 2839 de
1112 2782 1241 2841 materia

154 2915 287 2975 quaque,
303 2904 395 2973 prout
408 2903 584 2975 poposcerit
598 2902 692 2974 horu,
711 2904 858 2974 tauquam
873 2900 1071 2974 recentiores
1087 2902 1240 2974 statuerit,

152 3021 227 3094 sed,
244 3021 387 3082 virtutem
401 3036 527 3081 omnem
537 3023 712 3096 amplexus,
727 3035 794 3080 eam
809 3035 969 3094 uunquam
979 3037 1044 3082 uon
1054 3022 1113 3080 sibi
1128 3036 1240 3094 propo-

154 3141 249 3200 suerit
263 3139 316 3212 (t).
337 3142 453 3201 Nobilis
467 3155 541 3201 sane
554 3141 706 3200 sententia
725 3145 756 3199 et
774 3140 959 3213 philosopho
977 3141 1087 3213 digua,
1106 3143 1240 3211 ettamen

154 3261 238 3320 bona
247 3262 336 3321 venia
346 3263 490 3335 dixerim,
507 3263 600 3321 nimis
609 3229 832 3335 philosophica.
845 3261 879 3320 id
890 3261 973 3319 enim
984 3274 1063 3319 curae
1074 3274 1140 3319 esse
1154 3261 1242 3320 debet

155 3376 340 3450 philosopho
354 3381 388 3436 ut
408 3379 550 3437 homines
571 3379 713 3437 meliores
728 3378 857 3453 efficiat,
883 3382 912 3437 et
931 3380 1000 3438 ideo
1020 3380 1118 3452 ipsam
1136 3381 1169 3437 in
1185 3380 1240 3439 ho-

157 3499 277 3556 miuum
291 3500 425 3557 mentem
440 3499 562 3570 penitus
579 3498 763 3557 descendere
777 3502 923 3558 conatur:
944 3501 1023 3571 leges
1038 3514 1158 3573 quoque
1172 3500 1242 3569 fert,

195 3869 225 3932 tl}
246 3868 330 3919 istum
351 3867 378 3917 in
401 3879 523 3930 sensum,
547 3878 697 3933 quenquam
712 3867 744 3919 ab
764 3867 887 3920 Romanis
908 3863 1086 3933 prudentibus
1108 3862 1242 3923 alienum,

158 3969 251 4010 rocem
263 3969 322 4009 eam
334 3969 440 4023 semper
450 3957 626 4022 accipiemus,
645 3957 679 4010 de
695 3958 798 4011 baceno
809 3957 935 4023 scripturi
946 3958 972 4008 et
982 3955 1052 4021 apud
1064 3953 1242 4013 recentiores,
1322 3952 1325 3961 '

158 4060 269 4114 remque
281 4048 441 4111 attingentes
459 4044 617 4098 cuinullum
633 4045 684 4098 tuit
696 4046 766 4112 apud
778 4047 909 4099 Romanos
927 4058 1033 4098 nomen.

196 4140 225 4203 (t)
245 4139 280 4191 be
299 4139 363 4202 bug.
382 4149 419 4189 sc.
434 4136 481 4189 lib.
496 4149 562 4195 vm.
577 4149 599 4188 c.
615 4150 655 4188 ru.
668 4167 698 4173 —
710 4138 746 4190 be
757 4136 822 4190 tout.
837 4137 922 4201 juris,
936 4133 998 4187 vn.¹

193 4231 222 4292 (3)
243 4229 279 4282 De
289 4229 349 4294 teg.
363 4241 418 4293 xrr,
433 4229 460 4280 iu
473 4231 517 4280 tiu.

195 4324 224 4386 (rt
246 4321 282 4374 ib.
298 4323 317 4374 t.
332 4314 462 4374 tutttoj-
477 4321 511 4375 dt.
528 4321 634 4376 tristor.
652 4325 713 4389 Rop.
738 4322 784 4376 lib.
798 4335 827 4387 rr,
844 4335 867 4374 c.
880 4333 918 4374 rr.
