2782 4868
611 349 786 411 ,45-

152 525 164 554 u
187 503 278 561 rebus
303 500 454 571 originem
477 500 584 578 ducit:
608 503 657 562 val
677 503 715 562 ab
737 502 983 564 accumulatione
1001 503 1104 580 legum
1126 504 1244 578 nimia,

152 645 163 675 u
185 621 356 698 prasertim
370 622 514 682 admixtis
529 623 692 697 obsoletis,
702 623 784 683 vela
800 623 1006 697 descriptione
1022 637 1128 683 earum
1145 625 1240 683 amni·

152 757 263 816 ugus,
289 743 471 802 autminus
496 743 658 816 perspicua
681 745 711 800 et
735 742 891 816 dilucida3
915 743 964 803 vel
993 756 1012 803 a
1037 743 1139 802 modis
1167 757 1241 803 enu-

152 886 164 915 α
186 864 308 922 cleandi
320 863 399 936 juris
413 864 573 938 neglectio,
590 866 643 923 aut
657 879 722 924 non
736 864 814 923 hene
829 864 996 937 institutis3
1010 864 1061 924 uel
1077 864 1209 944 denique
1225 878 1244 924 a

152 1004 164 1032 u
185 982 432 1053 contradictione
446 984 477 1040 et
489 983 686 1042 vacillatione
698 976 898 1057 judiciorum.
917 1005 929 1034 u

184 1103 393 1163 contradictio
412 1107 515 1163 autem
530 1104 719 1177 judiciorum
737 1104 980 1177 enucleandique
997 1104 1182 1178 jurismodi
1201 1107 1242 1164 ad

149 1223 227 1282 alias
251 1227 353 1296 partes
378 1224 547 1295 spectant:
574 1238 658 1282 nunc
683 1224 877 1282 tractandum
902 1225 947 1281 cst
973 1223 1011 1281 dc
1035 1222 1243 1297 descriptione

147 1347 254 1417 legum
269 1344 414 1414 ambigua
429 1346 519 1416 atque
535 1343 573 1402 dc
588 1343 832 1402 accumulatione
846 1343 954 1402 nimia.
980 1336 982 1340 ’
1098 1381 1100 1383 -

184 1471 229 1521 Dc
257 1463 451 1534 descriptione
480 1461 581 1535 lepram
602 1462 752 1536 perplana
783 1463 963 1521 etobccurc
986 1462 1041 1534 (l),
1066 1492 1098 1503 -—
1129 1484 1140 1510 ι
1169 1464 1239 1520 Des-

153 1605 165 1634 u
187 1582 297 1655 criptio
312 1583 416 1653 legum
431 1581 562 1641 obscura
579 1582 677 1640 oritur
691 1583 744 1641 aut
757 1595 794 1640 cx
807 1581 993 1658 loquacitate
1012 1582 1042 1639 et
1059 1580 1243 1639 verbositate

151 1725 164 1754 u
186 1672 310 1776 aarum,
333 1705 387 1761 aut
405 1716 511 1761 rursus
531 1716 568 1760 ex
587 1701 734 1762 brevitate
753 1701 868 1775 nimia,
892 1704 945 1761 aut
963 1715 1000 1760 ex
1017 1702 1145 1774 prologo
1165 1699 1241 1771 legis

152 1846 164 1875 α
185 1837 258 1884 cum
274 1823 342 1896 ipso
359 1830 488 1895 corpore
501 1822 578 1894 legis
592 1823 761 1895 pugnante.
778 1842 791 1872 r
808 1820 991 1880 ludendum
1006 1822 1053 1878 est
1067 1833 1189 1893 quoque
1205 1832 1241 1876 er

149 1944 336 2004 obscuritate
350 1944 525 2004 vernorum.
867 1917 869 1921 V

185 2065 291 2124 solent
299 2065 424 2137 quidem
433 2064 570 2124 verbosa
580 2065 664 2135 leges
674 2063 784 2136 scribi,
793 2077 855 2136 quo
867 2063 979 2122 certius
995 2074 1104 2120 omnes
1117 2061 1240 2119 contro·

149 2187 257 2251 versia
275 2186 405 2259 litesque
425 2185 620 2244 dirimantur.
638 2187 702 2243 At«
721 2198 817 2258 quum
836 2197 925 2242 casus
947 2183 1086 2253 singulos
1106 2181 1239 2254 particu-

152 2309 266 2367 «larcs
293 2306 396 2366 verbis
425 2307 576 2379 oppositis
608 2309 637 2365 et
669 2306 804 2378 propriis
835 2305 977 2378 persequi
1009 2307 1039 2362 et
1071 2304 1239 2376 exprimere

152 2423 373 2496 «contendat,
397 2423 548 2495 majorem
571 2422 645 2481 inde
673 2435 802 2494 sperans
830 2420 1064 2494 certitudinem,
1091 2433 1108 2480 e
1133 2419 1242 2478 contra

150 2569 165 2596 a
185 2543 369 2616 praedones
381 2542 568 2615 multiplices
581 2543 661 2615 parit
675 2543 712 2600 de
727 2541 839 2602 uerbis.
862 2563 873 2593 a

184 2663 318 2723 Brevitas
332 2666 434 2723 autem
443 2677 510 2723 non
524 2664 629 2724 minus
644 2664 689 2721 est
703 2663 868 2738 fugienda,
890 2663 938 2720 lex
954 2662 1038 2721 enirn
1055 2662 1177 2721 brevior
1191 2674 1237 2741 re·

147 2782 228 2854 gula
242 2782 346 2840 lesbiae
368 2782 467 2840 instar
488 2783 534 2838 est
558 2780 598 2852 (a)
610 2822 621 2853 ,v
643 2794 711 2852 qua
731 2779 913 2841 omnimodo
933 2779 1074 2837 flectatur
1091 2779 1240 2838 vertatur-

147 2916 218 2975 que.
244 2902 458 2962 illediocritas
468 2915 539 2972 crgo
555 2901 737 2960 associanda
751 2903 811 2976 cst,
829 2906 857 2959 cl
871 2901 1037 2960 verborum
1052 2899 1240 2974 exquirenda

151 3040 164 3068 u
184 3019 368 3090 generalitas
380 3018 460 3077 bene
476 3018 654 3093 terminata,
668 3032 736 3091 quaa
745 3018 816 3077 licet
826 3031 915 3077 casus
926 3019 1164 3091 comprehensos
1173 3031 1239 3076 non

151 3159 166 3188 a
185 3139 293 3199 sedulo
308 3140 517 3212 persequatur,
531 3141 666 3197 attamen
691 3151 756 3196 non
776 3137 1014 3210 comprehensos
1037 3137 1111 3195 satis
1126 3136 1240 3209 perspi-

152 3283 165 3311 α
185 3275 242 3320 cuc
256 3261 406 3320 excludat.
428 3282 440 3312 u

185 3387 252 3442 Non
267 3384 385 3443 insulse
398 3387 536 3442 Bacouus
550 3383 647 3456 legeS,
665 3393 741 3454 quas
757 3379 933 3437 ordinarios
950 3385 978 3436 et
986 3379 1128 3452 politicos
1137 3380 1238 3451 vocat,

149 3514 169 3560 a
192 3501 301 3560 ceteris
328 3499 502 3573 distinguit,
523 3499 557 3582 ln
581 3498 693 3572 quilius
712 3511 807 3571 quum
827 3511 918 3555 nemo
939 3497 1036 3555 soleat
1055 3496 1237 3568 prudentem

150 3621 257 3679 audire
274 3641 285 3671 u
299 3620 405 3680 omnia
417 3619 516 3678 fusius
531 3618 676 3691 explicari
692 3618 804 3676 dehent
817 3619 847 3675 et
863 3617 902 3676 ad
921 3618 1044 3688 captum
1056 3615 1154 3688 uulgi,
1170 3617 1236 3672 tan·

153 3763 166 3790 u
186 3754 279 3814 quam
292 3741 405 3813 digito,
420 3738 596 3799 monstrari.
619 3757 632 3791 ε

185 3860 330 3930 Prologus
339 3861 442 3930 legum
456 3859 582 3917 damnat
602 3857 717 3931 noster,
733 3872 810 3930 quos
825 3858 899 3918 olim
915 3872 969 3931 pro
986 3857 1098 3930 ineptis
1117 3855 1238 3915 habitos

186 4224 216 4284 pl)
236 4222 274 4274 llr.
295 4237 340 4276 avr
359 4226 385 4276 et
404 4236 465 4290 sqq.

187 4318 216 4382 εἳ)
237 4315 316 4370 trist.
330 4317 420 4371 lloral.
435 4355 440 4383 ,
460 4316 507 4369 liu.
522 4330 551 4380 r,
564 4331 623 4382 cap,
640 4319 678 4370 lo.
