2782 4868
600 331 767 397 -11-
866 352 869 357 v

180 491 215 550 ll.
242 493 284 548 bn
307 500 395 549 annm
421 500 536 549 clusis.
559 520 590 529 -
619 509 632 538 ι
660 493 832 560 Regnorum
860 487 934 560 vila,
960 488 1003 547 alt
1026 490 1238 567 philosophus

147 633 159 662 ι
180 611 323 684 quidam,
340 611 386 668 est
399 608 564 669 bominum
584 607 654 668 vila
673 607 783 666 similis
803 625 810 664 ε
833 604 883 665 bis
900 606 953 679 jus
970 609 1135 671 decidendi
1155 626 1240 673 eom-

147 729 269 802 «pelit,
294 727 348 787 ubi
373 727 491 800 seipsos
519 725 683 786 defendere
704 727 816 785 natura
846 728 1017 801 eoguntur3
1046 728 1101 787 illa
1122 728 1240 789 bellum

146 869 159 900 1
179 861 283 920 gerere
304 849 456 920 possunt,
473 846 513 905 ad
532 859 565 905 se
579 846 647 919 ipsa
662 846 777 905 tuenda
792 844 845 920 (1).
871 865 883 898 ι
910 848 976 906 Non
996 847 1086 922 satis,
1116 849 1180 907 nisi
1211 864 1243 909 se

146 968 251 1042 ipsum
266 967 347 1026 tueri
358 981 423 1026 non
436 967 475 1025 sit
490 966 584 1024 modo
599 965 706 1038 uitam,
722 964 776 1023 sed
793 965 943 1039 quidquid
956 967 1026 1025 vilre
1041 967 1082 1026 sit
1094 968 1243 1041 praesidio

145 1091 246 1149 tueri:
266 1089 348 1148 bella
362 1091 434 1148 sunt
449 1088 530 1161 lites,
547 1101 604 1147 nee
618 1086 702 1145 aliud
718 1091 824 1146 nostro
845 1100 912 1146 esse
929 1087 1092 1148 ridentur:
1112 1110 1124 1140 ι
1142 1093 1242 1160 Quum

148 1235 161 1261 ι
181 1225 233 1269 rer
245 1211 357 1282 aliquis
371 1209 452 1268 bello
468 1209 556 1282 paral
566 1209 722 1279 regionem
740 1220 832 1280 quam
843 1221 932 1266 suam
946 1208 1042 1266 natali
1058 1209 1130 1282 jure
1144 1210 1243 1282 possit

146 1355 158 1382 ι
180 1332 291 1404 dicere,
307 1344 437 1402 regnum
447 1344 512 1389 nan
532 1329 571 1388 ab
590 1328 696 1401 armis,
711 1301 799 1387 seda
813 1328 904 1402 prino
919 1328 972 1388 illo
987 1328 1056 1401 jure
1071 1329 1241 1403 proficisci-

149 1475 160 1501 «
183 1455 242 1525 tur,
256 1453 329 1524 qnia
339 1450 518 1523 judicantur
534 1463 582 1508 res
593 1450 684 1521 alque
698 1438 918 1520 recuperantur
931 1461 996 1507 non
1005 1448 1110 1506 minus
1120 1448 1205 1508 bello
1215 1454 1245 1508 11

149 1596 163 1623 ι
182 1573 275 1632 armis
284 1585 377 1646 quam
386 1572 452 1644 lege
460 1571 624 1644 atqnejure
633 1568 688 1644 (2).
702 1591 713 1620 ιι
721 1568 820 1627 Armis
832 1568 869 1626 de
878 1556 946 1642 Jure
954 1569 1178 1629 decertandum
1188 1575 1243 1630 esi.

181 1697 266 1753 iusta
288 1695 382 1766 igitur
406 1693 479 1753 belli
498 1706 591 1752 eausa
615 1693 655 1750 sit
673 1703 799 1751 neeesse
820 1692 885 1765 est,
909 1704 975 1750 non
996 1691 1085 1750 aliter
1104 1693 1199 1765 atque
1218 1692 1244 1750 sl

146 1813 266 1885 litigare
286 1813 381 1887 velis,
405 1812 443 1871 de
460 1811 528 1884 jure
547 1811 683 1884 quodam
707 1809 763 1867 tibi
782 1809 982 1882 litigandum.
1009 1812 1085 1869 sunt
1110 1823 1187 1870 vero
1216 1812 1245 1869 et

146 1930 339 2000 litigantibus
361 1933 391 1988 11
413 1929 600 1988 bellantibus
616 1928 701 1987 falsa
719 1942 830 2002 eausa,
853 1930 927 1987 sunt
940 1941 1030 1988 vera.
1048 1922 1125 2002 lliss,
1146 1941 1245 2002 quum

147 2051 229 2124 apud
248 2042 383 2124 judicem
402 2051 513 2110 veritas
535 2050 661 2109 maximi
688 2049 728 2108 sit
748 2049 909 2123 momenti,
929 2048 1047 2108 utililas
1069 2061 1126 2107 sua
1141 2048 1246 2108 obstat

149 2173 224 2244 quin
246 2175 358 2231 temere
379 2185 445 2231 rem
468 2173 501 2230 in
519 2171 671 2244 judicium
690 2171 867 2230 deducant:
889 2170 938 2229 bis
964 2184 1047 2229 uuus
1065 2168 1161 2243 judex
1179 2183 1246 2229 esse

148 2294 226 2353 selei
240 2295 274 2353 in
290 2296 380 2367 terra,
397 2293 454 2354 vis.

187 2437 198 2465 ιι
220 2416 301 2474 Bella
314 2419 397 2488 sunt,
413 2417 447 2474 ul
456 2415 526 2475 lites
541 2416 657 2490 civiles,
671 2417 723 2475 ant
738 2414 868 2487 querele
879 2417 932 2474 aul
946 2413 1143 2473 defensiones
1158 2414 1214 2487 (3).
1232 2435 1243 2464 n

149 2535 197 2592 Nil
216 2537 318 2594 aulem
335 2536 448 2609 justius
468 2550 561 2610 quam
582 2550 768 2610 quemquam
787 2535 960 2608 imperitum
977 2546 1043 2593 sese
1064 2533 1244 2593 defendere.

149 2654 253 2712 Prima
266 2655 306 2712 sii
317 2655 375 2714 ista
385 2654 568 2725 cannabem,
586 2656 730 2728 adquam
745 2669 855 2716 omnes
869 2657 1060 2729 referentum
1075 2669 1142 2715 non
1157 2657 1246 2714 enim

149 2774 267 2834 insulse
281 2778 420 2834 Baeonus
436 2776 575 2849 querelas
593 2783 743 2849 quasdam
759 2790 815 2849 pro
835 2776 1068 2836 defensionibus
1083 2775 1247 2836 habendas

149 2894 244 2953 addit.
268 2898 335 2955 Non
359 2895 447 2954 aliter
472 2895 537 2954 isiae
561 2897 686 2969 probari
702 2897 838 2970 queunt,
860 2909 953 2969 quam
974 2896 1000 2954 si
1019 2894 1168 2968 quiddam
1190 2896 1247 2954 tibi

148 3016 327 3089 ademptum
372 3017 592 3089 denegatumve
625 3018 738 3092 iniuria
772 3018 919 3093 queraris.
949 3018 1035 3088 Quod
1066 3017 1093 3075 si
1121 3030 1248 3090 semper

146 3135 260 3195 illaesus
285 3136 511 3212 inviolatusque
531 3139 568 3198 ab
588 3141 733 3199 omnibus
757 3142 867 3200 exteris
894 3139 1074 3199 nationibus
1095 3153 1245 3213 perman-

147 3257 242 3331 seris,
260 3259 347 3318 nulla
365 3260 502 3332 legitima
520 3274 614 3320 eausa
634 3274 700 3320 esse
719 3263 820 3334 polest
839 3275 895 3320 eur
909 3260 1006 3320 alium
1019 3260 1133 3319 ledere
1149 3261 1246 3333 atque

149 3377 265 3437 violare
278 3380 364 3439 velis.

185 3500 247 3556 line
272 3499 364 3570 igitur
390 3500 590 3572 quaerendum
621 3502 732 3575 quibus
755 3503 788 3561 in
814 3504 935 3563 casibus
958 3504 1086 3564 ledetur
1108 3502 1248 3577 populus

150 3617 264 3691 injnria
291 3639 299 3675 :
333 3622 437 3678 ulrum
461 3621 545 3692 prior
569 3621 685 3682 bellum
710 3624 795 3683 alleri
820 3626 933 3685 inierat
956 3640 996 3686 an
1021 3625 1170 3686 sustineat
1193 3625 1249 3685 vix

149 3748 250 3807 uperae
265 3737 397 3809 pretium
413 3740 458 3796 esi
471 3739 676 3799 considerare.

188 4122 708 4194 lwmwwmwmm

189 4216 844 4284 mmmmmmmwfflmm

188 4309 860 4380 dfflfflffimmwwmmm.
