2782 4868
595 322 784 384 -ltt-

147 501 158 530 x
180 479 296 538 clarum
312 479 340 537 et
351 479 543 551 perspicuum
560 499 570 527 n
589 479 786 550 arbitramnr3
806 478 887 536 bunc
903 479 1236 549 igiturinstitutionum

145 597 303 669 proprium
317 610 383 655 esse
398 609 555 667 negamus,
573 595 677 665 Quoad
690 596 741 668 jus
758 596 913 668 publicum
932 598 1157 671 omittendum,
1175 617 1237 662 una

146 729 238 774 causa
251 715 332 786 apud
347 714 552 772 iustinianum
568 714 720 772 exstitisse
735 714 864 786 videtur,
882 715 965 786 quod
975 716 1097 774 nullum
1113 721 1167 777 aut
1177 719 1238 778 iere

146 836 266 893 nullum
281 838 353 892 tunc
367 834 476 892 fuerit:
489 833 541 892 ubi
552 846 615 890 non
628 833 755 890 omnino
765 833 866 904 vigere
877 832 976 905 desiit,
988 833 1021 892 in
1032 834 1094 893 hoc
1104 837 1239 896 maxima

147 970 240 1028 opere
257 955 474 1028 impendenda.
491 957 558 1011 Jam
574 953 611 1010 de
626 966 662 1010 eo
682 952 748 1010 alite
763 951 973 1011 institutiones
987 952 1080 1010 scribi
1097 959 1237 1029 possunt,

146 1080 368 1149 neutrumque
389 1075 440 1148 jus
464 1076 497 1132 in
523 1075 630 1133 eodem
655 1074 733 1132 libro
758 1073 978 1145 confundatum
995 1088 1048 1132 cur
1072 1088 1139 1133 non
1165 1076 1236 1134 scri-

147 1196 254 1254 bendae
271 1197 334 1254 sint
348 1210 412 1254 non
426 1195 635 1267 intelligimus.
652 1194 729 1252 ilinc
743 1193 825 1252 enim
844 1196 907 1252 tarn
921 1194 996 1252 utile
1015 1197 1061 1252 est
1072 1195 1128 1268 jus
1140 1197 1238 1267 publi-

149 1330 220 1374 cum
234 1329 326 1388 quam
350 1315 401 1387 jus
425 1315 578 1386 privatum
605 1315 744 1385 uouisse,
773 1314 859 1372 illinc
886 1328 951 1372 non
980 1314 1084 1373 minus
1116 1315 1240 1375 difficile

149 1437 274 1496 discere.
352 1484 354 1490 .
1106 1422 1109 1432 ’

183 1555 349 1620 Probanda
363 1555 447 1624 sunt,
462 1557 495 1611 ut
505 1566 583 1625 reor,
600 1552 819 1626 institutiones,
831 1552 922 1611 mode
937 1567 976 1611 ne
991 1566 1010 1611 a
1025 1553 1128 1624 legum
1142 1556 1239 1614 latore

149 1675 268 1748 scripte
285 1674 357 1732 sint.
376 1673 494 1732 litenim
509 1686 600 1733 nemo
616 1673 684 1731 ideo
700 1672 790 1732 discit
802 1672 853 1745 jus
862 1676 897 1731 ut
911 1674 949 1731 de
963 1673 1049 1732 omni
1064 1687 1097 1731 re
1111 1674 1239 1733 interro·

149 1794 236 1862 gatus
257 1791 398 1862 protinus
419 1792 509 1862 queat
530 1802 638 1849 omnes
659 1788 801 1859 ambages
820 1789 947 1860 aperire.
968 1788 1086 1849 scincet
1111 1793 1142 1848 et
1160 1803 1240 1849 vana

149 1917 195 1973 est
210 1912 308 1983 gloria
322 1914 366 1970 tot
381 1923 528 1982 responsa
540 1910 688 1968 memoria
702 1923 831 1982 servare,
842 1913 877 1967 ut
886 1923 925 1968 ne
939 1910 1159 1969 deliberatione
1174 1912 1238 1984 qui·

150 2032 221 2089 dem
238 2044 315 2104 opus
331 2044 396 2089 esse
414 2030 562 2102 videatur,
578 2031 758 2101 nequeullo
773 2010 866 2089 modo
879 2030 930 2103 jus
952 2043 1044 2089 omne
1066 2031 1165 2089 teneri
1185 2045 1239 2103 po·

151 2154 218 2210 test.
234 2154 345 2210 omnes
368 2150 426 2208 sibi
445 2153 517 2207 suas
530 2150 739 2209 lnstrtutiones
761 2150 892 2222 iaciunt,
916 2151 1002 2208 nulla
1011 2150 1049 2208 de
1064 2163 1096 2208 re
1110 2151 1240 2210 omnino

151 2272 279 2345 indocti,
295 2271 529 2345 omninodocti,
539 2274 575 2329 ut
588 2285 715 2344 quaeque
727 2284 818 2329 causa
833 2285 894 2344 qno
913 2271 1018 2330 tendat
1032 2271 1136 2330 statim
1151 2272 1240 2331 intel·

150 2393 256 2463 ligant,
274 2391 349 2464 quid
362 2391 440 2462 juris
455 2391 494 2448 sit
509 2405 578 2449 cum
594 2397 728 2465 tempore
743 2390 905 2463 reperiant.
920 2393 986 2449 Non
1002 2394 1103 2449 autem
1120 2405 1240 2464 semper

148 2509 238 2568 facile
258 2512 304 2567 est
328 2523 364 2567 ex
387 2510 469 2568 mole
492 2510 594 2579 legum
614 2509 823 2592 lnstitutiones
844 2509 1019 2581 extrahere,
1043 2511 1079 2567 ut
1102 2509 1239 2582 plerique

150 2627 261 2686 malint
267 2626 318 2698 jus
330 2626 458 2684 omnino
466 2628 608 2696 ignorare
618 2641 711 2698 quam
721 2630 840 2685 tantum
850 2627 986 2685 laborem
997 2625 1055 2684 sibi
1071 2639 1237 2688 assumere.

150 2751 173 2804 Α
190 2760 250 2818 quo
266 2746 336 2804 illos
353 2759 418 2804 non
434 2746 527 2804 modo
543 2746 675 2804 liberant
691 2746 916 2820 institutiones,
933 2747 987 2805 sed
1004 2746 1161 2807 adcelera
1177 2752 1238 2809 stu·

149 2867 201 2925 dia
220 2866 389 2926 faciliorem
407 2865 490 2926 tiam
512 2864 707 2938 permittunt,
729 2865 849 2923 utinam
867 2879 920 2923 eos
944 2867 982 2924 ad
1002 2866 1110 2925 eadem
1131 2867 1236 2939 impel-

149 2989 226 3045 lant!
245 2988 363 3060 Optime
380 2987 505 3059 quidem
523 2990 661 3044 Buconus
676 2985 923 3044 institutionibus
940 2987 1017 3045 duas
1031 3001 1098 3046 esse
1111 2988 1238 3046 uirtutes

145 3105 243 3177 jubet,
258 3105 388 3176 scilicet,
405 3107 440 3162 ut
452 3104 485 3162 in
500 3104 637 3163 lucidum
654 3104 794 3162 ordinem
808 3104 996 3176 redigantur,
1014 3108 1049 3162 ut
1064 3105 1153 3163 nulla
1161 3106 1237 3178 juris

149 3239 221 3296 pars
235 3225 398 3285 intractata
413 3226 466 3298 sit,
483 3225 592 3283 saltem
603 3225 719 3283 intecta
733 3225 766 3282 in
780 3225 843 3283 illis
857 3226 1058 3299 relinquatur.

184 3346 213 3398 2.
231 3348 272 3397 De
288 3341 441 3399 verborum
455 3343 679 3415 significatione.
706 3365 717 3392 l
732 3356 837 3401 uxxxx.
855 3344 1116 3405 commentarium
1131 3347 1171 3404 de
1186 3361 1236 3406 vo·

150 3485 162 3514 a
184 3461 302 3521 cabulis
314 3461 392 3533 juris
408 3462 563 3521 conficito.
583 3467 618 3522 ln
640 3463 844 3536 explicatione
860 3464 999 3536 ipsorum
1015 3467 1045 3544 et
1059 3479 1153 3525 sensa
1172 3468 1238 3526 red·

150 3604 162 3633 x
184 3583 298 3656 dendo,
315 3596 353 3641 ne
368 3583 488 3642 curiose
509 3587 632 3642 vexator
648 3603 655 3641 z
674 3586 872 3657 nequeenim
888 3586 947 3644 hoc
961 3586 1061 3656 agitur
1075 3589 1110 3645 ut
1130 3587 1238 3648 delini·

151 3725 162 3749 ‹
186 3702 284 3761 tiones
299 3703 464 3761 verborum
479 3706 655 3776 querantur
670 3708 793 3777 exacta,
804 3705 859 3763 sed
874 3705 1093 3779 explicationes
1108 3709 1239 3781 tantum,

151 3843 163 3870 ιι
185 3834 251 3893 quae
267 3822 405 3892 legendis
420 3822 498 3894 juris
513 3823 600 3880 libris
618 3824 699 3882 viam
716 3824 854 3895 aperient
872 3824 1051 3882 faciliorem.
1068 3828 1240 3884 Tractatum

149 3957 163 3990 a
184 3942 286 3997 autem
300 3939 392 3996 istum
404 3954 458 4012 per
471 3941 589 3999 litteras
603 3942 758 4014 alphabeti
775 3956 814 4000 ne
831 3942 960 4013 digerito
976 3942 1021 4014 (id
1035 3943 1133 4002 indici
1149 3943 1239 4002 alicui

151 4077 163 4105 (ι
184 4057 377 4131 relinquito),
399 4060 452 4118 sed
474 4061 663 4118 collocentur
687 4062 779 4120 simul
794 4063 886 4122 rerba
909 4078 977 4136 quae
998 4064 1079 4122 circa
1093 4066 1239 4127 eamdem

153 4198 166 4224 e
185 4189 249 4234 rem
264 4181 434 4253 versantur,
453 4183 487 4238 ut
503 4182 632 4239 alterum
652 4183 738 4240 alteri
759 4183 799 4241 sit
813 4185 991 4256 juramento
1010 4186 1048 4245 ad
1064 4186 1236 4258 intelligen-

153 4317 164 4342 ι(
187 4295 270 4354 dum.
293 4319 303 4347 u
