2782 4868
609 306 844 387 ⁹-loo-

213 502 222 527 l
243 481 330 552 juris.
359 484 386 537 ls
406 480 516 550 dignus
537 482 581 536 est
596 480 649 551 qui
665 481 809 539 maximis
835 481 969 553 ingeniis
994 483 1022 540 ct
1049 484 1304 555 prudentissimis

212 623 223 652 1
242 601 471 673 jurisconsultis
496 601 723 660 committatur:
750 615 849 674 neque
870 603 954 661 enim
968 604 1092 676 placent
1107 620 1175 678 quae
1193 608 1256 667 hoc
1271 611 1302 667 in

211 744 222 773 a
244 734 353 794 genere
367 723 495 780 exstant.
523 723 705 794 colligendae
727 725 829 780 autem
854 724 925 780 sunt
939 723 1075 798 Regulo,
1097 738 1164 784 non
1181 728 1303 786 tantum

212 864 223 892 l
245 846 324 901 notae
348 846 377 901 et
392 842 539 916 vulgatae,
559 843 620 901 ¹sed
637 845 666 901 et
691 843 759 901 aliae
778 844 876 915 magis
900 843 1028 901 subtiles
1057 847 1087 901 et
1116 846 1302 918 recondite,

210 980 222 1010 o
243 974 310 1032 quae
326 973 362 1017 ex
381 961 484 1032 legum
503 964 532 1018 et
557 973 657 1018 rerum
680 961 888 1032 judicatarum
912 960 1076 1019 harmonia
1100 963 1220 1020 extrahi
1237 977 1302 1035 pos-

213 1103 224 1130 «
246 1083 307 1138 sint
323 1081 441 1153 (onmes
456 1082 488 1139 in
505 1082 635 1140 rubricis
646 1082 771 1154 optimis
783 1081 968 1154 quandoque
982 1081 1205 1156 inveniuntur),
1217 1086 1300 1141 sunt-

212 1223 225 1250 «
247 1215 305 1273 que
320 1201 486 1260 dictamina
509 1203 663 1273 generalia
681 1203 812 1262 rationis
833 1217 900 1276 quac
925 1217 979 1275 per
1002 1203 1147 1262 materias
1162 1204 1241 1275 legis
1257 1205 1300 1262 di-

214 1341 224 1368 c
245 1333 348 1379 uersas
358 1323 540 1392 percurrunt
550 1323 580 1378 et
595 1323 668 1378 sunt
683 1323 830 1393 tanquam
841 1322 971 1381 saburra
982 1321 1072 1392 juris.
1086 1353 1117 1362 —
1127 1333 1259 1380 nxxxur.
1270 1326 1303 1380 dt

212 1463 222 1488 l
243 1440 365 1510 singula
382 1439 462 1512 juris
482 1440 558 1498 scita
578 1442 630 1499 aut
655 1441 768 1513 placita
787 1455 851 1500 non
873 1440 1084 1511 intelligantur
1099 1454 1156 1513 pro
1171 1442 1300 1512 regulis,

216 1587 226 1614 l
247 1566 281 1621 ut
302 1562 369 1621 fieri
390 1564 468 1622 solet
488 1562 561 1622 satis
580 1562 730 1635 imperite.
753 1565 816 1621 lloo
837 1561 922 1619 enim
945 1561 971 1618 si
996 1561 1202 1635 reciperetur,
1230 1563 1301 1634 quot

215 1707 226 1732 ι
248 1685 329 1755 leges
339 1729 347 1757 ,
359 1685 404 1743 tot
414 1685 542 1757 regulam
553 1685 602 1743 lex
614 1683 697 1742 enim
712 1682 792 1740 nitril
806 1681 890 1740 aliud
906 1695 998 1754 quarn
1014 1681 1119 1753 regula
1131 1681 1300 1753 imperans.

214 1803 357 1857 «Verum
379 1814 431 1869 eas
454 1813 510 1871 pro
537 1799 649 1870 regulis
674 1798 785 1856 habeto
811 1809 878 1870 quae
903 1797 936 1854 in
962 1797 1063 1855 forma
1085 1797 1154 1869 ipsa
1176 1797 1301 1869 justitie

214 1918 364 1974 «tierent
383 1936 390 1973 ι
411 1917 510 1987 unde,
535 1919 570 1974 ut
592 1916 783 1990 plurimum,
811 1929 865 1987 per
887 1917 958 1989 jura
982 1915 1085 1975 civilia
1110 1916 1301 1976 diversarum

215 2050 349 2095 «rerum
381 2035 573 2109 publicarum
607 2037 721 2094 eedem
756 2036 868 2106 regulae
901 2036 966 2094 fere
993 2035 1210 2108 reperiuntur3
1243 2036 1301 2093 uisi

216 2159 324 2217 «torte
347 2159 469 2232 propter
497 2157 678 2216 relationem
701 2158 740 2215 ad
767 2157 883 2214 formas
908 2156 1087 2228 politiorum
1112 2155 1245 2215 vadent.
1271 2188 1299 2196 -

218 2300 228 2326 l
250 2291 373 2336 xxxxiv.
389 2277 460 2336 Post
474 2277 610 2348 regulam
630 2276 715 2336 breui
730 2278 760 2334 et
780 2276 881 2334 solido
905 2276 1067 2347 complexu
1092 2276 1301 2348 enuntiatam,

216 2422 227 2447 ι
249 2398 433 2472 adjiciantur
453 2398 592 2470 exempla
605 2400 635 2456 et
649 2398 821 2457 decisiones
842 2409 970 2456 casuum
988 2396 1122 2455 maxime
1138 2396 1301 2455 luculente

217 2518 289 2575 «ad
307 2516 557 2590 explicationem,
580 2516 794 2575 distinctiones
814 2518 843 2573 et
864 2515 1059 2587 exceptiones
1080 2515 1120 2573 ad
1144 2515 1299 2573 limitatio-

216 2657 228 2687 «
248 2649 334 2709 nem,
351 2637 479 2705 cognata
493 2636 533 2693 ad
547 2635 778 2708 ampliationem
793 2634 933 2707 ejusdem
948 2635 1070 2706 regule.
1088 2656 1101 2683 n

249 2759 316 2814 Non
336 2755 424 2813 aliter
442 2755 532 2826 atque
551 2754 628 2811 tiber
648 2755 684 2810 de
706 2754 870 2810 Verborum
892 2754 1131 2829 significatione,
1153 2755 1233 2814 liber
1254 2756 1301 2813 llic

214 2877 250 2932 de
261 2873 386 2948 'nepotis
398 2877 486 2948 jorra
501 2889 537 2932 ex
556 2874 625 2947 jure
641 2877 780 2932 Romano
795 2874 947 2944 originem
963 2874 1047 2933 ducit
1067 2894 1074 2931 ι
1091 2879 1242 2946 cognatus
1260 2877 1303 2932 est

121 3003 126 3016 '
216 3009 290 3054 saue
308 2995 477 3054 nouissimo
496 2995 686 3066 Digestorum
707 2995 794 3053 titulo
817 2994 859 3066 (l)
884 3014 890 3051 :
912 2996 997 3053 unde
1016 2996 1135 3069 aliquot
1153 2996 1248 3056 verba
1271 2996 1301 3052 in

215 3119 370 3175 Baconum
392 3116 541 3174 translata
564 3128 636 3173 mox
659 3115 844 3174 videbimus.
868 3118 927 3174 Nec
954 3117 1049 3175 modo
1075 3117 1192 3175 librum
1216 3117 1302 3175 illum

216 3233 413 3291 scribendum
436 3234 554 3318 censuit
577 3237 693 3305 noster,
719 3234 785 3306 ipse
807 3247 880 3294 vcro
901 3235 1055 3309 scripsit:
1077 3235 1110 3293 in
1136 3249 1199 3308 quo
1224 3237 1302 3294 intra

216 3354 458 3426 immorabimur,
479 3358 514 3411 ut
532 3355 681 3413 librorum
698 3355 893 3415 auxiliarium
909 3357 1082 3428 exemplum
1096 3356 1301 3428 prabeamus,

215 3475 293 3530 Num
308 3485 378 3532 rere
393 3472 507 3531 utilitas
521 3474 624 3546 aliqua
638 3476 711 3533 inde
726 3475 899 3535 redundare
915 3477 1013 3549 possit
1029 3478 1151 3549 tempus
1165 3480 1213 3534 est
1227 3489 1304 3550 prra-

215 3608 281 3653 rere
297 3613 303 3651 :
320 3593 402 3666 quod
418 3606 482 3651 non
497 3593 530 3652 in
546 3593 624 3652 libro
640 3595 675 3650 de
688 3595 924 3669 Foottdosjortr
938 3597 1037 3668 attigit
1056 3599 1173 3670 noster,
1195 3597 1250 3655 sed
1270 3596 1301 3653 in

215 3713 365 3784 proaemio
386 3711 457 3769 libri
476 3710 512 3766 de
531 3709 652 3781 nepotis
666 3713 751 3782 jorra
774 3709 841 3786 tal:
861 3733 872 3762 l
891 3713 1055 3785 Postquam
1074 3713 1114 3771 ad
1129 3709 1212 3784 leges
1227 3725 1302 3771 mee

219 3855 229 3882 l
250 3833 355 3904 patrie
375 3836 487 3890 memet
506 3830 657 3904 applicui,
679 3845 714 3889 ea
733 3833 878 3905 cupidine
899 3835 1045 3894 incensus
1061 3837 1095 3894 ut
1116 3848 1182 3895 nou
1197 3835 1303 3894 minus

250 4215 279 4276 rt)
297 4213 353 4265 Lib.
373 4215 460 4279 r,tit.
480 4218 520 4268 ll.
538 4247 569 4253 —
582 4218 617 4271 lle
630 4217 747 4270 dirersis
762 4217 870 4283 llegutis
880 4219 950 4284 juris
965 4218 1080 4286 antiqui.

249 4305 279 4367 ill
299 4303 351 4357 lire
364 4307 476 4359 maxims
490 4307 518 4358 ot
528 4308 572 4361 ltro
585 4307 644 4360 tarr.
659 4307 702 4361 the
716 4307 830 4362 Prelace.
