2782 4868
614 398 783 463 ..57-

186 555 251 644 ltuo
273 553 396 626 quiem
416 552 572 626 injustitia
588 568 700 626 genera
716 558 811 614 sunt:
834 568 931 614 unum
952 557 1034 628 quod
1049 557 1108 629 legi
1124 560 1243 620 videtur
1302 550 1304 555 ⁸

151 677 269 752 inesse,
294 676 423 734 alierum
443 675 526 748 quod
544 689 580 734 eu
603 677 747 750 temporis
769 676 887 735 ratione
911 677 993 749 quod
1012 677 1190 750 amplexura
1203 682 1243 739 sit

122 841 123 844 ,
149 795 207 855 illa
220 794 369 867 procedit.

187 914 259 981 Quae
273 912 360 970 sitin
374 912 439 984 lege
455 912 606 985 injustitia
620 913 767 987 exemplis
782 913 914 986 probare
927 914 978 973 vix
994 928 1095 988 operae
1110 919 1244 990 pretium

148 1032 207 1106 est.
226 1030 377 1103 lnjustio'a
396 1030 521 1104 quidem
540 1030 603 1090 lato
621 1044 716 1090 sensu
739 1032 955 1106 quodcumque
979 1035 1131 1095 rationem
1152 1037 1244 1096 ledat

148 1148 360 1223 amplectatur.
376 1148 499 1208 sunrata
512 1149 578 1209 vult
598 1152 736 1231 liaconus
752 1169 766 1203 ι
782 1149 962 1233 lupanaria,
979 1152 1165 1227 prostibula,
1180 1169 1242 1213 me·

151 1267 310 1326 «tetricos
335 1267 539 1334 conductitios
556 1289 568 1318 r
592 1269 622 1325 et
640 1268 745 1327 omnia
771 1268 969 1343 hujusmodi,
992 1284 1075 1346 qua,
1098 1275 1244 1348 tanquam

148 1389 251 1462 utilia,
281 1388 425 1449 nonnulli
448 1388 639 1462 defendunt,
665 1388 773 1448 illicita
798 1402 889 1463 sane,
914 1391 1054 1451 omnium
1079 1407 1244 1467 consensu,

149 1511 225 1569 sunt
240 1508 292 1583 (l).
308 1508 431 1568 Utinam
446 1510 475 1567 et
493 1509 559 1582 ipse
578 1521 698 1582 semper
718 1507 756 1567 ab
776 1508 927 1582 injustitia
941 1511 1084 1570 cavisset!
1103 1511 1241 1585 lnjustis-

149 1629 231 1687 sima
256 1629 304 1687 lex
325 1629 459 1688 obtinuit
485 1629 518 1686 in
541 1627 752 1701 perduellione
776 1629 856 1687 nihil
888 1632 1108 1703 accessorium,
1139 1634 1257 1692 omnia*

148 1747 333 1820 principalia
355 1760 422 1806 esse
436 1747 479 1821 (t)
496 1767 503 1804 ι
522 1760 616 1819 quam
636 1760 655 1805 a
680 1749 801 1805 Bacono
827 1746 1003 1806 damnatam
1023 1748 1119 1807 tuisse
1137 1750 1240 1822 velim,

148 1868 251 1927 abillo
261 1868 294 1926 in
309 1866 406 1940 ipsius
417 1867 568 1941 amicum,
583 1867 616 1924 in
627 1870 793 1940 patronum
808 1879 874 1925 esse
889 1881 1070 1942 conversam
1084 1870 1239 1942 indignor.

184 1994 251 2050 Non
266 1991 368 2050 minor
383 1995 484 2049 autem
503 2003 539 2048 er
561 1989 748 2062 temporibus
771 1988 936 2062 procedere
960 1991 1060 2062 potest
1080 1991 1240 2064 injustitia.

145 2113 202 2171 cui
217 2113 330 2186 optime
345 2113 425 2172 cavit
438 2112 627 2175 Verulamius
648 2113 679 2169 in
696 2109 881 2183 aphorismis
897 2117 940 2168 De
960 2115 1190 2184 Retrospecltoce
1205 2111 1242 2166 le-

147 2246 222 2302 qum
238 2227 291 2302 (3)-

184 2372 197 2401 ι
217 2353 294 2410 Raro
308 2352 339 2409 et
355 2363 553 2422 magnacum
572 2351 714 2411 cautione
728 2349 920 2409 adhibendas
932 2361 998 2408 esse
1017 2350 1099 2419 leges
1109 2362 1176 2421 qun
1191 2361 1237 2407 re

149 2494 162 2522 ιι
183 2471 425 2544 trospiciant,ut
438 2472 529 2544 vulgo
540 2473 745 2545 loquuntur»
762 2474 884 2530 censet:
904 2492 916 2522 ιι
929 2470 1088 2529 nonenim
1104 2469 1161 2528 sibi
1173 2469 1237 2542 pla·

149 2612 161 2641 ι
185 2603 254 2648 cere
267 2593 375 2649 lanum
391 2591 425 2649 in
439 2590 568 2662 legibus.
583 2594 619 2649 ln
635 2590 758 2650 casibus
768 2589 886 2649 fraudis
902 2593 931 2647 et
946 2589 1099 2648 evasionis
1112 2588 1236 2654 dolosa,

149 2731 162 2760 ι
181 2709 300 2782 justum
310 2712 360 2777 ¹est
374 2710 499 2780 ntleges
509 2710 740 2783 retrospiciunt,
756 2713 847 2783 atque
861 2710 962 2768 altera
973 2709 1075 2768 alteris
1090 2708 1124 2766 in
1138 2708 1235 2766 subsi-

150 2852 162 2878 ι
184 2828 244 2888 diis
259 2829 331 2887 sint.
346 2832 437 2901 Leges
452 2843 519 2902 qua
538 2830 814 2888 instrumentorum
831 2841 918 2887 veras
932 2827 1119 2885 intentiones
1131 2827 1238 2884 contra

150 2948 386 3008 «formularum
409 2949 462 3006 aut
480 2947 710 3029 solemnitatum
738 2946 874 3004 defectus
898 2945 1045 3003 roborant
1073 2947 1103 3001 et
1126 2941 1236 3001 confir-

151 3090 162 3119 ι
183 3070 286 3142 mant,
297 3069 466 3127 rectissime
480 3069 632 3141 preterita
649 3067 904 3138 complectuntur,
924 3064 1092 3123 dummodo
1107 3077 1146 3120 ne
1163 3075 1235 3121 con·

150 3209 162 3237 ι
183 3185 336 3247 vellantur
348 3184 558 3256 resjudicatae.
571 3215 601 3226 -
612 3183 775 3254 Diligenter
792 3184 893 3240 autem
907 3178 1128 3240 attendendum
1140 3192 1179 3236 ne
1194 3191 1235 3235 eae

148 3327 162 3359 «
183 3306 346 3379 legesque
361 3306 395 3364 iu
411 3304 550 3363 futurum
564 3303 679 3375 facturn
694 3302 843 3376 respicere
856 3299 1029 3372 videantur,
1045 3309 1115 3356 curn
1130 3298 1234 3370 praete-

148 3446 162 3476 ιι
183 3425 242 3484 rito
260 3424 322 3484 sint
339 3438 484 3485 connexa
500 3444 507 3481 ε
524 3423 617 3484 veluti
633 3424 659 3480 si
679 3434 746 3494 que
763 3422 811 3479 leu
835 3416 1003 3478 artificibus
1020 3415 1173 3497 aliquibus
1188 3414 1234 3472 in-

148 3564 161 3593 ι
183 3541 311 3600 terdicat
325 3554 364 3600 ne
378 3541 580 3601 mercimonia
596 3552 651 3598 sua
672 3536 882 3610 inposterum
896 3534 1051 3606 vendant,
1067 3533 1132 3592 haro
1147 3536 1237 3591 sonat

147 3682 162 3715 ι
182 3662 216 3720 in
227 3662 401 3736 postorum,
413 3661 465 3720 sed
476 3660 618 3732 operatur
628 3659 661 3717 in
674 3656 877 3730 praeteritum,
893 3666 992 3727 nequo
1010 3653 1093 3711 enim
1105 3650 1237 3709 illisalla

148 3803 161 3833 ι
183 3782 301 3842 ratione
314 3785 428 3843 victum
444 3795 577 3856 quarere
593 3781 656 3852 jam
672 3780 824 3850 integrum
839 3781 892 3836 est.
914 3809 944 3818 -
961 3779 1018 3834 Lex
1036 3773 1234 3833 declaratoria

183 4193 212 4255 (l)
232 4193 302 4244 liora
313 4192 437 4258 Atlantis,
454 4196 495 4248 it.

183 4283 212 4344 li)
232 4283 435 4338 Declarationol
447 4284 614 4339 the-treason
629 4285 658 4337 ol
671 4285 785 4351 lobert,
806 4283 862 4338 eorl
880 4283 909 4336 ol
922 4284 1012 4336 lisser.

183 4371 214 4437 (3)
234 4372 270 4426 lie
282 4371 497 4441 lontibusjurls,
513 4386 653 4428 uiuri-m.

1069 4460 1084 4515 ὅ
