2782 4868
611 409 780 470 „M-

186 559 293 621 Nescio
308 532 348 619 an
364 558 553 619 Verulamius
571 554 816 632 quasdamleges
832 560 890 618 sihi
912 561 1105 634 proposuerit
1121 577 1188 636 quae
1203 562 1248 623 ad-

151 681 296 740 cirtntem
310 678 435 737 tendere
445 677 617 753 videantur,
629 679 744 738 scilicet
758 679 785 737 si
802 692 862 752 qua
877 681 999 750 rogetur
1013 681 1053 738 ad
1067 679 1243 741 ebrietatem

150 797 426 872 puniendam-ad
446 797 559 855 bestias
578 798 617 856 ab
643 799 754 857 ictibus
778 798 909 861 tuendas
933 803 962 858 et
986 815 1185 876 quaecumque
1205 802 1247 862 de·

149 917 332 976 educatione
342 916 489 975 ferantur.
501 916 684 976 instituendi
698 917 781 976 enim
795 919 868 976 sunt
882 918 1026 996 juvenes,
1042 935 1107 981 non
1123 923 1243 982 tantum

150 1035 191 1094 ad
208 1035 388 1109 dicendum,
408 1034 448 1094 ad
463 1013 680 1108 militandum,
702 1038 757 1097 sed
777 1040 849 1098 ante
863 1039 969 1099 omnia
988 1041 1028 1099 ad
1041 1040 1120 1101 hene
1137 1043 1242 1103 viven-

148 1157 242 1228 dunr,
257 1155 351 1213 idest
365 1155 584 1214 convenienter
595 1155 861 1216 virtuti.nttamen
872 1140 1182 1220 animadvertendum
1197 1166 1243 1222 est

148 1274 357 1335 Verulamium
368 1275 408 1333 ad
418 1288 615 1335 communem
625 1276 781 1347 quandam
793 1278 934 1337 omnium
943 1280 1047 1351 legum
1057 1269 1244 1353 'dignitatem

150 1376 342 1468 respexisse'
365 1409 431 1454 non
454 1395 493 1454 ad
517 1384 686 1468 paucarum
704 1411 830 1456 munus.
848 1378 944 1468 Quam
959 1413 1064 1472 pauca
1080 1401 1144 1461 sint
1162 1375 1252 1474 leges,

147 1514 232 1588 iste,
250 1513 290 1572 ad
297 1513 442 1573 virtutem
458 1514 710 1591 accommodatae3
727 1517 796 1589 quis
810 1517 926 1576 nescit?

174 1633 269 1724 ¹Quid·
278 1635 387 1706 restat,
404 1628 466 1691 nisi
476 1634 560 1706 qnod
571 1631 709 1693 Baconus
723 1648 832 1708 parum
843 1637 903 1694 sibi
918 1639 1089 1696 constiterit
1104 1641 1132 1697 et
1145 1639 1242 1698 Plato·
1322 1668 1324 1673 s

149 1753 238 1828 nica,
253 1754 325 1813 licet
339 1767 357 1812 a
371 1767 404 1812 se
421 1753 537 1829 aliena,
559 1747 711 1828 praeopta
735 1759 856 1815 secutus
873 1740 1132 1831 sitr'ouroumqu'e
1145 1771 1243 1817 novas

147 1889 198 1935 res
207 1876 306 1955 facere
316 1876 469 1950 videntur,
485 1877 523 1935 iis
537 1879 635 1936 multa
648 1879 751 1937 vetera
771 1878 901 1937 retinere
914 1893 983 1938 mos
1011 1881 1075 1952 est,
1093 1879 1241 1952 sicciori,

145 1993 321 2066 vigentibus
340 1994 424 2067 istis,
436 1994 569 2053 instituti
583 1994 668 2054 fuere
683 2009 778 2068 eaque
791 1995 828 2053 in
839 1971 1086 2055 honorehabere
1102 2009 1241 2055 assueve-

148 2116 237 2187 runt,
253 2114 415 2174 sivevictis
428 2115 582 2173 nonnulla
602 2115 770 2174 concedere
788 2101 940 2186 coguntur
959 2119 988 2174 et
1012 2116 1242 2189 quodammodo

148 2248 270 2309 mquam
291 2249 364 2294 cum
385 2235 423 2293 iis
444 2249 551 2308 pacem
572 2226 767 2308 componere.
782 2239 849 2295 Non
870 2237 957 2295 aliter
971 2218 1127 2310 Baoonns,
1144 2212 1242 2308 ouan-

148 2369 242 2429 qoam
262 2354 390 2414 omnino
412 2367 525 2414 novam
548 2355 648 2415 iacere
668 2355 899 2427 philosophiam
914 2356 1072 2429 deusest,
1091 2355 1244 2413 nonnulla

147 2473 401 2533 tamenservavit
414 2473 443 2530 et
458 2471 615 2530 Platonica
634 2474 664 2529 et
682 2469 882 2528 aristotelica.
899 2471 967 2527 Non
987 2469 1048 2528 huc
1069 2470 1161 2528 unice
1176 2471 1241 2528 ten⁴

147 2592 459 2675 derelegempatitur
471 2594 506 2650 ut
524 2591 600 2658 honi
623 2591 701 2650 fiant
722 2588 881 2663 hominen,
900 2589 982 2648 hanc
996 2602 1069 2648 vero
1084 2575 1156 2662 'ejus
1176 2603 1242 2649 esse

91 2736 94 2741 ·
148 2716 329 2787 dignitatem
340 2715 493 2774 declarat:
504 2716 657 2787 praeopto
669 2713 921 2786 igiturminorem
931 2710 1242 2785 quidem3'quemdam

149 2837 230 2895 certe
243 2837 347 2895 locum
357 2836 513 2909 relinquit.
526 2835 706 2895 lllud'nullo
718 2835 751 2892 in
761 2834 856 2907 libro,
872 2833 933 2891 nisi
948 2837 1031 2890 Novo
1042 2833 1075 2891 in
1085 2830 1241 2890 Atlantide

149 2942 291 3013 adrasum
301 2955 420 3015 trahere
435 2955 563 3016 tentavit
575 2954 629 3028 (t);
645 2971 722 3011 oona
737 2955 839 3014 autem
852 2950 990 3009 Atlantis
1001 2951 1130 3009 omnino
1141 2950 1241 3008 Plato·

151 3077 225 3135 nica
239 3080 285 3136 est
298 3076 348 3150 (Ξ).

127 3196 129 3204 “
185 3202 259 3257 viil.
277 3210 382 3258 monor
402 3208 527 3256 onerari
545 3207 619 3255 nssn
638 3205 760 3252 ananan
779 3192 829 3264 (3).
848 3193 962 3250 -Non
981 3189 1064 3247 enirn
1085 3189 1137 3246 aut
1155 3186 1240 3245 utilis

149 3321 203 3378 aut
215 3319 298 3392 justa
312 3331 378 3377 esse
392 3317 456 3375 ullo
471 3314 565 3375 modo
580 3315 690 3387 potest,
707 3313 733 3370 si
744 3310 827 3385 quod
837 3311 914 3369 ferat
928 3310 961 3367 in
975 3308 1091 3366 incerto
1106 3320 1173 3365 esse
1187 3320 1242 3379 pa-

150 3440 234 3496 titur.
258 3437 371 3508 «Legis
393 3439 516 3512 tantum
535 3436 662 3493 interest
685 3435 719 3490 ut
740 3433 822 3492 certa
840 3431 899 3502 sit,
920 3430 954 3486 nt
975 3427 1088 3501 absque
1110 3427 1169 3486 lroc
1184 3439 1244 3485 neo

153 3580 164 3607 o
184 3559 268 3630 justa
283 3571 349 3616 esse
363 3557 471 3629 possit.
486 3560 519 3614 St
534 3557 612 3612 enim
627 3557 771 3610 incertam
787 3568 881 3608 vocem
892 3550 940 3606 det
956 3549 1027 3605 todo
1036 3590 1043 3618 ,
1062 3549 1129 3620 quis
1142 3562 1172 3601 se
1183 3561 1238 3616 po-

101 3759 103 3762 *
153 3698 166 3730 ι
188 3677 269 3734 radit
283 3678 325 3734 od
338 3677 447 3733 bellom
467 3676 520 3745 (ad
535 3674 671 3733 Corinth.
687 3673 775 3744 epist.
792 3674 826 3744 t,
843 3683 870 3728 c.
887 3683 927 3742 ιν,
939 3681 1018 3726 vers.
1038 3668 1129 3738 3·8.)?
1152 3663 1237 3722 Simi-

152 3816 163 3845 a
185 3796 256 3854 liter
272 3797 297 3855 si
308 3797 459 3855 incertam
469 3809 576 3855 vocem
592 3795 644 3852 dat
656 3795 704 3851 lex
715 3837 722 3864 ‚
735 3791 803 3864 quis
819 3804 851 3848 se
864 3790 985 3862 parabit
997 3789 1036 3847 ad
1051 3786 1244 3860 parendum?

186 4209 216 4273 tt)
235 4210 291 4263 vid.
304 4211 407 4264 Tirsani
417 4209 516 4264 testum
527 4251 533 4273 ,
543 4210 575 4262 td
588 4211 614 4262 et
629 4210 671 4261 it.

186 4303 217 4364 t‘tt
239 4300 321 4366 Leges
333 4302 473 4356 Platonicae
489 4302 522 4356 de
533 4304 688 4355 exterorum
700 4299 862 4354 commercio
877 4297 930 4350 hnc
944 4294 1077 4348 translatae
1093 4295 1167 4354 sunt,
1185 4293 1223 4343 td.

187 4394 219 4456 (3)
240 4394 277 4447 lie
286 4393 361 4447 Font.
377 4394 457 4458 juris,
470 4395 510 4448 tit.
523 4408 541 4446 r.
559 4395 595 4447 Ite
607 4393 693 4459 prima
706 4391 835 4457 dignitate
845 4390 946 4455 legum,
960 4390 989 4440 at
1003 4387 1055 4439 sint
1068 4388 1156 4440 certae.
