2782 4868
615 356 783 419 ...85-

187 511 264 568 11111
278 509 383 568 omnia
398 509 552 568 Beronum
565 509 723 582 increpem
743 512 836 585 quod,
850 511 875 568 11
888 511 956 584 quis
966 513 1098 585 populus
1109 527 1243 573 creseere

151 631 372 703 finesqnesuos
382 629 415 687 in
425 629 611 688 immensum
620 631 725 703 cupiet
734 631 908 706 extendere,
920 631 947 691 ei
958 633 1067 692 falsam
1079 635 1244 706 quamdam

149 744 182 805 et
195 747 229 804 iu
246 727 446 804 commodum
465 746 556 805 unice
570 748 774 820 compositam
790 748 941 820 justitiam
952 749 1081 807 suadere
1095 750 1243 808 videatur.

137 865 228 924 lluic
246 863 329 922 enim
349 864 468 936 populo
496 865 677 923 «utendum
697 865 849 938 ejusmodi
859 865 980 950 ⁴legibus
1003 869 1033 924 et
1047 867 1243 926 consuetudi-

155 1007 167 1034 «ι
189 984 284 1043 nibus
298 997 366 1056 11111
378 983 478 1056 justas
492 985 538 1042 illi
554 998 673 1059 causas,
685 989 738 1044 aut
747 987 855 1044 saltem
869 988 1032 1058 praetextus
1046 994 1244 1060 1111111111-

154 1123 166 1152 1
190 1103 291 1176 nendi,
307 1095 455 1174 1111111111
469 1102 660 1176 inpromptu
673 1104 849 1162 ministrent
864 1103 917 1173 (l).
936 1125 947 1154 1
965 1103 1069 1163 Nellos
1083 1106 1246 1177 praetextus

153 1223 207 1280 ille
216 1235 309 1295 quam
320 1235 430 1280 causas
440 1221 524 1280 dicit.
541 1222 643 1282 limen
659 1225 762 1282 tamen
779 1237 820 1282 ne
833 1238 897 1283 non
913 1225 988 1282 satis
1003 1225 1084 1283 clare
1097 1225 1249 1314 justitiam

153 1341 230 1399 binc
243 1341 366 1414 abesse,
381 1340 435 1399 ubi
450 1341 616 1401 consilium
630 1341 728 1414 adsit,
746 1343 911 1416 perspiciat
928 1363 935 1401 :
956 1343 1046 1402 addit
1063 1344 1146 1402 enim
1164 1344 1247 1402 11111

146 1481 167 1510 n
188 1472 254 1517 non
265 1471 331 1517 esse
338 1459 572 1532 exspectandam
584 1459 675 1517 statui
690 1459 782 1518 alicui
792 1460 913 1532 imperii
922 1462 1169 1536 amplitudinem,
1185 1463 1247 1520 nisi

157 1595 169 1630 1
191 1578 230 1636 ad
241 1578 381 1651 quamvis
397 1579 589 1637 occasionem
602 1578 717 1650 justam
732 1592 764 1637 se
779 1580 919 1638 armandi
934 1581 1076 1653 protinus
1095 1583 1245 1654 expergis-

158 1719 170 1749 1
192 1699 289 1756 catur.
308 1720 319 1749 1
335 1700 449 1770 Nempe
462 1697 613 1770 injustum
629 1699 675 1755 est
692 1711 756 1756 uon
771 1699 865 1757 modo
881 1699 940 1756 sibi
965 1712 1073 1758 causas
1088 1700 1161 1758 belli
1181 1714 1248 1772 quae

152 1818 244 1890 justae
265 1817 443 1892 videantur,
460 1829 588 1891 parare,
612 1817 665 1876 sed
689 1818 781 1876 111111
801 1819 871 1877 11111
887 1823 1062 1892 exspectare
1076 1825 1105 1878 11
1120 1823 1246 1895 optare,

155 1938 339 2012 neojustum
349 1938 390 1996 sit
399 1938 438 1995 ab
452 1938 555 2011 aliquo
572 1939 766 2000 contractum
777 1939 819 1996 ita
829 1937 894 1996 fieri
908 1942 944 1996 ut
957 1939 1031 1998 inde
1040 1940 1078 1998 lis
1089 1954 1248 2012 exsurgere

156 2063 267 2132 queat,
296 2057 416 2133 etiamsi
440 2058 587 2130 scriptam
608 2058 707 2128 legem
728 2057 780 2115 ille
808 2071 913 2116 secum
929 2044 1017 2117 *stare
1045 2062 1143 2130 cogat.
1187 2063 1249 2118 lloe
1369 2101 1372 2107 .

157 2182 262 2236 tamen
280 2175 445 2234 defendere
466 2177 567 2248 potest
584 2179 725 2233 baconus
749 2175 832 2248 quod
854 2176 927 2234 talia
946 2177 1102 2250 scripserit
1119 2179 1153 2236 in
1169 2179 1252 2237 libre

156 2313 222 2358 non
243 2297 376 2370 dejure,
393 2297 448 2355 sed
463 2297 501 2355 de
518 2297 713 2370 proferendis
731 2297 851 2370 imperii
868 2297 998 2371 tinibus,
1014 2299 1068 2357 ubi
1089 2312 1154 2356 non
1175 2300 1249 2372 quid

157 2429 280 2489 aequum
295 2419 348 2474 eut
362 2416 520 2490 iniquum,
546 2416 600 2474 sed
611 2415 686 2488 qnid
696 2415 736 2473 ad
749 2416 924 2486 augendum
939 2417 1104 2489 imperium
1118 2417 1194 2476 utile
1210 2418 1249 2476 sit

158 2535 375 2594 tantummodo
394 2536 645 2596 consideraverit.

196 2657 340 2715 Nationes
355 2659 408 2714 aut
420 2670 477 2729 pro
493 2670 526 2714 11
539 2659 593 2715 aut
606 2671 663 2730 pro
674 2657 751 2716 aliis
769 2657 885 2717 bellum
900 2659 1054 2732 suscipere
1068 2662 1207 2732 possunt.

196 2776 355 2836 Notionem
370 2779 472 2836 autem
482 2778 599 2836 laedunt
612 2778 732 2851 injurie
744 2762 796 2837 aut
809 2779 940 2851 publicae
954 2780 1006 2838 aut
1019 2779 1155 2852 private.
1166 2781 1253 2841 Nunc

159 2895 245 2953 enirn
256 2894 370 2954 ciuitati
388 2897 527 2970 nocetur,
543 2895 657 2954 finibus
675 2897 817 2970 vastatis,
839 2899 892 2955 aut
905 2899 991 2969 parte
1006 2897 1064 2956 soli
1081 2898 1182 2970 rapta,
1202 2900 1254 2955 aut

158 3015 293 3090 publicis
301 3017 451 3075 ministris
465 3017 587 3077 violatis
599 3036 607 3090 3
619 3031 705 3076 nunc
723 3017 852 3091 civibus,
869 3018 1000 3090 exempli
1014 3017 1121 3090 gretia,
1137 3017 1253 3089 quiein

159 3136 262 3196 alieno
281 3139 348 3196 solo
370 3137 554 3210 deprehensi
573 3140 647 3200 sunt
668 3136 851 3210 spoliatique
865 3139 917 3194 aut
935 3136 1083 3209 prohibiti
1102 3147 1250 3195 commer-

160 3257 223 3317 cio.
238 3258 384 3319 bellicoso
398 3259 515 3332 populo
530 3259 639 3317 suadet
652 3261 757 3317 noster
770 3260 805 3316 ut
825 3280 836 3307 ι
855 3270 981 3316 sensum
996 3255 1107 3315 habeat
1115 3256 1252 3316 vividum

163 3397 176 3425 1
199 3377 343 3442 11111111
358 3378 479 3451 injurie
498 3379 630 3452 alicujus
651 3379 699 3439 vel
718 3376 851 3436 subditis
874 3377 937 3436 suis
955 3377 1122 3437 limitaneis
1135 3377 1185 3435 vel
1196 3390 1251 3449 pn-

164 3515 177 3546 1
198 3494 288 3554 blicis
307 3497 459 3557 ministris
475 3499 566 3557 illata
592 3497 646 3571 (i).
669 3519 681 3549 o
706 3498 895 3570 AEqnissimae
914 3498 998 3569 genti
1019 3497 1093 3556 satis
1112 3496 1196 3569 justa
1209 3497 1254 3553 est

161 3624 257 3672 causa
270 3613 352 3674 bella
367 3617 512 3689 gerendi,
529 3616 610 3689 quod
628 3617 693 3689 ipse
708 3615 1020 3688 testamentorium,
1038 3628 1089 3674 rer
1105 3612 1255 3688 equitatis

204 4132 235 4195 tr)
256 4131 281 4184 l.
296 4145 358 4197 1111,
371 4145 395 4187 e.
409 4144 454 4202 ru,
468 4134 625 4201 Exemplum
636 4137 763 4189 tractatus
776 4134 915 4188 summarii
927 4133 960 4187 de
972 4131 1142 4198 proterendis
1155 4128 1255 4185 tinibus

167 4235 291 4288 rmpern,
304 4237 353 4276 111.

203 4314 235 4376 (N
253 4312 320 4367 lbid.
