<?xml version="1.0" encoding="UTF-8"?>
<!DOCTYPE html PUBLIC "-//W3C//DTD XHTML 1.0 Transitional//EN"
    "http://www.w3.org/TR/xhtml1/DTD/xhtml1-transitional.dtd">
<html xmlns="http://www.w3.org/1999/xhtml" xml:lang="en" lang="en">
 <head>
  <title>
</title>
<meta http-equiv="Content-Type" content="text/html;charset=utf-8" />
  <meta name='ocr-system' content='tesseract 3.04.00' />
  <meta name='ocr-capabilities' content='ocr_page ocr_carea ocr_par ocr_line ocrx_word'/>
</head>
<body>
  <div class='ocr_page' id='page_1' title='image "./dejureapudfranc00desjgoog_0026.png"; bbox 0 0 2782 4868; ppageno 0'>
   <div class='ocr_carea' id='block_1_1' title="bbox 565 379 734 440">
    <p class='ocr_par' dir='ltr' id='par_1_1' title="bbox 565 379 734 440">
     <span class='ocr_line' id='line_1_1' title="bbox 565 379 734 440; baseline 0.018 -19"><span class='ocrx_word' id='word_1_1' title='bbox 565 379 734 440; x_wconf 66' lang='lat'>..17-</span> 
     </span>
    </p>
   </div>
   <div class='ocr_carea' id='block_1_2' title="bbox 104 528 1194 1194">
    <p class='ocr_par' dir='ltr' id='par_1_2' title="bbox 104 528 1194 1194">
     <span class='ocr_line' id='line_1_2' title="bbox 105 528 1191 602; baseline 0.006 -14"><span class='ocrx_word' id='word_1_2' title='bbox 105 529 284 601; x_wconf 84' lang='lat' dir='ltr'>hominum,</span> <span class='ocrx_word' id='word_1_3' title='bbox 302 529 327 586; x_wconf 88' lang='lat' dir='ltr'>si</span> <span class='ocrx_word' id='word_1_4' title='bbox 352 528 404 602; x_wconf 88' lang='lat' dir='ltr'>qui</span> <span class='ocrx_word' id='word_1_5' title='bbox 420 528 500 587; x_wconf 90' lang='lat' dir='ltr'>inter</span> <span class='ocrx_word' id='word_1_6' title='bbox 521 541 553 588; x_wconf 87' lang='lat' dir='ltr'>se</span> <span class='ocrx_word' id='word_1_7' title='bbox 569 532 744 591; x_wconf 85' lang='lat' dir='ltr'>societatem</span> <span class='ocrx_word' id='word_1_8' title='bbox 759 533 943 592; x_wconf 88' lang='lat' dir='ltr'>constituere</span> <span class='ocrx_word' id='word_1_9' title='bbox 962 533 995 592; x_wconf 91' lang='lat' dir='ltr'>in</span> <span class='ocrx_word' id='word_1_10' title='bbox 1013 535 1117 595; x_wconf 87' lang='lat' dir='ltr'>animo</span> <span class='ocrx_word' id='word_1_11' title='bbox 1137 535 1191 595; x_wconf 81' lang='lat' dir='ltr'>lra-</span> 
     </span>
     <span class='ocr_line' id='line_1_3' title="bbox 105 649 1190 726; baseline 0.003 -17"><span class='ocrx_word' id='word_1_12' title='bbox 105 651 197 710; x_wconf 84' lang='lat' dir='ltr'>hent:</span> <span class='ocrx_word' id='word_1_13' title='bbox 217 652 278 709; x_wconf 91' lang='lat' dir='ltr'>imo</span> <span class='ocrx_word' id='word_1_14' title='bbox 293 651 408 709; x_wconf 89' lang='lat' dir='ltr'>multos</span> <span class='ocrx_word' id='word_1_15' title='bbox 423 649 556 723; x_wconf 82' lang='lat' dir='ltr'>reperias</span> <span class='ocrx_word' id='word_1_16' title='bbox 573 652 625 723; x_wconf 86' lang='lat' dir='ltr'>qui</span> <span class='ocrx_word' id='word_1_17' title='bbox 640 652 679 710; x_wconf 86' lang='lat' dir='ltr'>ad</span> <span class='ocrx_word' id='word_1_18' title='bbox 699 653 841 712; x_wconf 88' lang='lat' dir='ltr'>virtutem</span> <span class='ocrx_word' id='word_1_19' title='bbox 856 653 944 712; x_wconf 87' lang='lat' dir='ltr'>facile</span> <span class='ocrx_word' id='word_1_20' title='bbox 959 655 1113 726; x_wconf 89' lang='lat' dir='ltr'>perveniri</span> <span class='ocrx_word' id='word_1_21' title='bbox 1135 668 1190 712; x_wconf 88' lang='lat' dir='ltr'>ne-</span> 
     </span>
     <span class='ocr_line' id='line_1_4' title="bbox 104 740 1192 845; baseline 0.001 -15"><span class='ocrx_word' id='word_1_22' title='bbox 104 773 193 845; x_wconf 82' lang='lat' dir='ltr'>gent,</span> <span class='ocrx_word' id='word_1_23' title='bbox 209 770 270 829; x_wconf 90' lang='lat' dir='ltr'>nisi</span> <span class='ocrx_word' id='word_1_24' title='bbox 301 770 452 840; x_wconf 82' lang='lat' dir='ltr'>desertam</span> <span class='ocrx_word' id='word_1_25' title='bbox 470 770 627 842; x_wconf 79' lang='lat' dir='ltr'>ingressus</span> <span class='ocrx_word' id='word_1_26' title='bbox 643 772 685 829; x_wconf 87' lang='lat' dir='ltr'>sis</span> <span class='ocrx_word' id='word_1_27' title='bbox 708 773 800 831; x_wconf 86' lang='lat' dir='ltr'>viam.</span> <span class='ocrx_word' id='word_1_28' title='bbox 817 773 969 832; x_wconf 78' lang='lat' dir='ltr'>Aristoteli</span> <span class='ocrx_word' id='word_1_29' title='bbox 985 774 1079 845; x_wconf 84' lang='lat' dir='ltr'>igitur</span> <span class='ocrx_word' id='word_1_30' title='bbox 1089 740 1192 832; x_wconf 75' lang='lat' dir='ltr'>aasen-</span> 
     </span>
     <span class='ocr_line' id='line_1_5' title="bbox 105 880 1193 958; baseline -0.003 -11"><span class='ocrx_word' id='word_1_31' title='bbox 105 890 269 948; x_wconf 85' lang='lat' dir='ltr'>tiendum:</span> <span class='ocrx_word' id='word_1_32' title='bbox 294 910 305 938; x_wconf 70' lang='lat'>&lt;¹</span> <span class='ocrx_word' id='word_1_33' title='bbox 326 880 418 950; x_wconf 59' lang='lat' dir='ltr'>linarii</span> <span class='ocrx_word' id='word_1_34' title='bbox 443 898 522 945; x_wconf 85' lang='grc' dir='ltr'><strong>πάσαν</strong></span> <span class='ocrx_word' id='word_1_35' title='bbox 538 895 606 945; x_wconf 79' lang='grc' dir='ltr'><strong>πάλιν</strong></span> <span class='ocrx_word' id='word_1_36' title='bbox 627 896 716 958; x_wconf 80' lang='grc' dir='ltr'><strong>ὁρῶμεν</strong></span> <span class='ocrx_word' id='word_1_37' title='bbox 742 898 861 944; x_wconf 73' lang='grc' dir='ltr'><strong>κοινωνίαν</strong></span> <span class='ocrx_word' id='word_1_38' title='bbox 881 897 939 945; x_wconf 74' lang='grc' dir='ltr'><strong>τινά</strong></span> <span class='ocrx_word' id='word_1_39' title='bbox 957 888 1027 944; x_wconf 76' lang='grc' dir='ltr'><strong>οὖσαν</strong></span> <span class='ocrx_word' id='word_1_40' title='bbox 1055 899 1093 944; x_wconf 89' lang='grc' dir='ltr'>καί</span> <span class='ocrx_word' id='word_1_41' title='bbox 1114 899 1193 946; x_wconf 83' lang='grc' dir='ltr'><strong>πάσαν</strong></span> 
     </span>
     <span class='ocr_line' id='line_1_6' title="bbox 106 1007 1194 1077; baseline 0 -17"><span class='ocrx_word' id='word_1_42' title='bbox 106 1016 257 1062; x_wconf 76' lang='grc' dir='ltr'><strong>«κοινωνίαν</strong></span> <span class='ocrx_word' id='word_1_43' title='bbox 282 1010 372 1075; x_wconf 78' lang='grc' dir='ltr'><strong><em>ἀγαθοῦ</em></strong></span> <span class='ocrx_word' id='word_1_44' title='bbox 396 1030 458 1070; x_wconf 87' lang='grc' dir='ltr'><strong>τινος</strong></span> <span class='ocrx_word' id='word_1_45' title='bbox 477 1013 551 1062; x_wconf 77' lang='grc' dir='ltr'><strong>ἓνικεν</strong></span> <span class='ocrx_word' id='word_1_46' title='bbox 572 1019 737 1068; x_wconf 81' lang='grc' dir='ltr'><strong>συνεστηκυῖαν</strong></span> <span class='ocrx_word' id='word_1_47' title='bbox 755 1007 804 1072; x_wconf 84' lang='grc' dir='ltr'><strong>(τοῦ</strong></span> <span class='ocrx_word' id='word_1_48' title='bbox 817 1014 860 1077; x_wconf 77' lang='grc' dir='ltr'>γὰρ</span> <span class='ocrx_word' id='word_1_49' title='bbox 883 1009 941 1062; x_wconf 83' lang='grc' dir='ltr'><strong>εἶναι</strong></span> <span class='ocrx_word' id='word_1_50' title='bbox 967 1011 1090 1070; x_wconf 79' lang='grc' dir='ltr'><strong>δοκοῦντος</strong></span> <span class='ocrx_word' id='word_1_51' title='bbox 1103 1011 1194 1075; x_wconf 79' lang='grc' dir='ltr'><strong>ἀγαθοῦ</strong></span> 
     </span>
     <span class='ocr_line' id='line_1_7' title="bbox 109 1122 1193 1194; baseline 0 -16"><span class='ocrx_word' id='word_1_52' title='bbox 109 1143 119 1170; x_wconf 71' lang='lat' dir='ltr'>t</span> <span class='ocrx_word' id='word_1_53' title='bbox 139 1130 206 1192; x_wconf 82' lang='grc' dir='ltr'><strong>χάριν</strong></span> <span class='ocrx_word' id='word_1_54' title='bbox 226 1122 306 1179; x_wconf 82' lang='grc' dir='ltr'><strong>πάντα</strong></span> <span class='ocrx_word' id='word_1_55' title='bbox 317 1129 449 1194; x_wconf 85' lang='grc' dir='ltr'><strong>πράττουσι</strong></span> <span class='ocrx_word' id='word_1_56' title='bbox 460 1123 554 1184; x_wconf 82' lang='grc' dir='ltr'><strong>πάντεςλ</strong></span> <span class='ocrx_word' id='word_1_57' title='bbox 570 1127 640 1184; x_wconf 80' lang='grc' dir='ltr'><strong>δῆλον</strong></span> <span class='ocrx_word' id='word_1_58' title='bbox 654 1132 684 1184; x_wconf 79' lang='grc' dir='ltr'>ὡς</span> <span class='ocrx_word' id='word_1_59' title='bbox 702 1132 777 1179; x_wconf 81' lang='grc' dir='ltr'><strong>πάσαι</strong></span> <span class='ocrx_word' id='word_1_60' title='bbox 787 1133 830 1190; x_wconf 77' lang='grc' dir='ltr'>μὲν</span> <span class='ocrx_word' id='word_1_61' title='bbox 842 1126 932 1191; x_wconf 72' lang='grc' dir='ltr'><strong>ἀγαθοῦ</strong></span> <span class='ocrx_word' id='word_1_62' title='bbox 945 1148 1008 1186; x_wconf 79' lang='grc' dir='ltr'><strong>τινος</strong></span> <span class='ocrx_word' id='word_1_63' title='bbox 1021 1131 1193 1192; x_wconf 80' lang='grc' dir='ltr'><strong>στοχάζονται,</strong></span> 
     </span>
    </p>
   </div>
   <div class='ocr_carea' id='block_1_3' title="bbox 109 1242 1196 1310">
    <p class='ocr_par' dir='ltr' id='par_1_3' title="bbox 109 1242 1196 1310">
     <span class='ocr_line' id='line_1_8' title="bbox 109 1242 1196 1310; baseline 0 -18"><span class='ocrx_word' id='word_1_64' title='bbox 109 1257 120 1285; x_wconf 78' lang='lat' dir='ltr'>t</span> <span class='ocrx_word' id='word_1_65' title='bbox 142 1245 247 1305; x_wconf 79' lang='grc' dir='ltr'><strong>μάλιστα</strong></span> <span class='ocrx_word' id='word_1_66' title='bbox 259 1242 285 1292; x_wconf 76' lang='grc' dir='ltr'>δὲ</span> <span class='ocrx_word' id='word_1_67' title='bbox 296 1247 335 1292; x_wconf 84' lang='grc' dir='ltr'>καὶ</span> <span class='ocrx_word' id='word_1_68' title='bbox 344 1247 386 1293; x_wconf 84' lang='grc' dir='ltr'><strong>τοῦ</strong></span> <span class='ocrx_word' id='word_1_69' title='bbox 396 1246 539 1308; x_wconf 79' lang='grc' dir='ltr'><strong>κυριωτάτου</strong></span> <span class='ocrx_word' id='word_1_70' title='bbox 548 1246 643 1296; x_wconf 90' lang='grc' dir='ltr'><strong>πάντων</strong></span> <span class='ocrx_word' id='word_1_71' title='bbox 656 1249 670 1302; x_wconf 83' lang='grc' dir='ltr'><strong>ἡ</strong></span> <span class='ocrx_word' id='word_1_72' title='bbox 681 1251 763 1295; x_wconf 83' lang='grc' dir='ltr'><strong>πασῶν</strong></span> <span class='ocrx_word' id='word_1_73' title='bbox 775 1246 906 1310; x_wconf 81' lang='grc' dir='ltr'><strong>κυριωτάτη</strong></span> <span class='ocrx_word' id='word_1_74' title='bbox 919 1248 958 1293; x_wconf 82' lang='grc' dir='ltr'>καί</span> <span class='ocrx_word' id='word_1_75' title='bbox 967 1246 1047 1301; x_wconf 84' lang='grc' dir='ltr'><strong>πάσας</strong></span> <span class='ocrx_word' id='word_1_76' title='bbox 1057 1245 1196 1309; x_wconf 74' lang='grc' dir='ltr'><strong>περιέχουσα</strong></span> 
     </span>
    </p>
   </div>
   <div class='ocr_carea' id='block_1_4' title="bbox 110 1343 1193 1422">
    <p class='ocr_par' dir='ltr' id='par_1_4' title="bbox 110 1343 1193 1422">
     <span class='ocr_line' id='line_1_9' title="bbox 110 1343 1193 1422; baseline 0.005 -15"><span class='ocrx_word' id='word_1_77' title='bbox 110 1373 120 1401; x_wconf 75' lang='lat' dir='ltr'>t</span> <span class='ocrx_word' id='word_1_78' title='bbox 141 1360 185 1416; x_wconf 77' lang='grc' dir='ltr'><strong>τὰς</strong></span> <span class='ocrx_word' id='word_1_79' title='bbox 197 1360 269 1416; x_wconf 75' lang='grc' dir='ltr'><strong>ἄλλας</strong></span> <span class='ocrx_word' id='word_1_80' title='bbox 284 1358 360 1414; x_wconf 72' lang='grc' dir='ltr'><strong>ἀὓτη</strong></span> <span class='ocrx_word' id='word_1_81' title='bbox 376 1343 490 1416; x_wconf 63' lang='grc' dir='ltr'><strong>δ’ἐστὶνὴ</strong></span> <span class='ocrx_word' id='word_1_82' title='bbox 508 1362 638 1422; x_wconf 73' lang='grc' dir='ltr'><strong>καλουμένη</strong></span> <span class='ocrx_word' id='word_1_83' title='bbox 657 1361 725 1417; x_wconf 82' lang='grc' dir='ltr'><strong>πόλις</strong></span> <span class='ocrx_word' id='word_1_84' title='bbox 749 1364 787 1409; x_wconf 82' lang='grc' dir='ltr'>καὶ</span> <span class='ocrx_word' id='word_1_85' title='bbox 808 1366 823 1418; x_wconf 85' lang='grc' dir='ltr'>ἡ</span> <span class='ocrx_word' id='word_1_86' title='bbox 843 1364 951 1410; x_wconf 86' lang='grc' dir='ltr'><strong>κοινωνία</strong></span> <span class='ocrx_word' id='word_1_87' title='bbox 963 1366 977 1418; x_wconf 83' lang='grc' dir='ltr'>ἡ</span> <span class='ocrx_word' id='word_1_88' title='bbox 990 1362 1098 1418; x_wconf 77' lang='grc' dir='ltr'><strong>πολιτική</strong></span> <span class='ocrx_word' id='word_1_89' title='bbox 1119 1357 1160 1420; x_wconf 66' lang='grc' dir='ltr'><strong>(λλ.</strong></span> <span class='ocrx_word' id='word_1_90' title='bbox 1184 1379 1193 1403; x_wconf 80' lang='grc' dir='ltr'><strong>υ</strong></span> 
     </span>
    </p>
   </div>
   <div class='ocr_carea' id='block_1_5' title="bbox 108 1462 1198 1545">
    <p class='ocr_par' dir='ltr' id='par_1_5' title="bbox 108 1462 1198 1545">
     <span class='ocr_line' id='line_1_10' title="bbox 108 1462 1198 1545; baseline 0.007 -21"><span class='ocrx_word' id='word_1_91' title='bbox 108 1467 186 1536; x_wconf 84' lang='lat' dir='ltr'>Quid</span> <span class='ocrx_word' id='word_1_92' title='bbox 200 1467 240 1525; x_wconf 88' lang='lat' dir='ltr'>sit</span> <span class='ocrx_word' id='word_1_93' title='bbox 258 1468 360 1525; x_wconf 92' lang='lat' dir='ltr'>autem</span> <span class='ocrx_word' id='word_1_94' title='bbox 375 1467 434 1526; x_wconf 90' lang='lat' dir='ltr'>hoc</span> <span class='ocrx_word' id='word_1_95' title='bbox 449 1467 567 1527; x_wconf 90' lang='lat' dir='ltr'>bonum</span> <span class='ocrx_word' id='word_1_96' title='bbox 584 1468 666 1527; x_wconf 85' lang='lat' dir='ltr'>inira</span> <span class='ocrx_word' id='word_1_97' title='bbox 681 1468 819 1527; x_wconf 82' lang='lat' dir='ltr'>indicat:</span> <span class='ocrx_word' id='word_1_98' title='bbox 846 1489 857 1518; x_wconf 81' lang='grc' dir='ltr'><strong>ι</strong></span> <span class='ocrx_word' id='word_1_99' title='bbox 870 1462 894 1528; x_wconf 85' lang='lat' dir='ltr'>‘u</span> <span class='ocrx_word' id='word_1_100' title='bbox 909 1463 927 1526; x_wconf 77' lang='grc' dir='ltr'>δ’</span> <span class='ocrx_word' id='word_1_101' title='bbox 942 1478 967 1527; x_wconf 68' lang='grc' dir='ltr'>ἐκ</span> <span class='ocrx_word' id='word_1_102' title='bbox 978 1481 1091 1531; x_wconf 72' lang='grc' dir='ltr'><strong>πλειονων</strong></span> <span class='ocrx_word' id='word_1_103' title='bbox 1115 1490 1198 1545; x_wconf 69' lang='grc' dir='ltr'><strong>κωμῶν</strong></span> 
     </span>
    </p>
   </div>
   <div class='ocr_carea' id='block_1_6' title="bbox 97 1591 1205 2968">
    <p class='ocr_par' dir='ltr' id='par_1_6' title="bbox 97 1591 1205 2968">
     <span class='ocr_line' id='line_1_11' title="bbox 110 1591 1197 1658; baseline 0.004 -16"><span class='ocrx_word' id='word_1_104' title='bbox 110 1607 120 1633; x_wconf 73' lang='lat'>(¹</span> <span class='ocrx_word' id='word_1_105' title='bbox 141 1596 248 1642; x_wconf 88' lang='grc' dir='ltr'><strong>κοινωνία</strong></span> <span class='ocrx_word' id='word_1_106' title='bbox 269 1595 356 1650; x_wconf 79' lang='grc' dir='ltr'><strong>τέλειος</strong></span> <span class='ocrx_word' id='word_1_107' title='bbox 378 1594 461 1655; x_wconf 72' lang='grc' dir='ltr'><strong>πόλις,</strong></span> <span class='ocrx_word' id='word_1_108' title='bbox 483 1591 543 1650; x_wconf 80' lang='grc' dir='ltr'>ἡδὴ</span> <span class='ocrx_word' id='word_1_109' title='bbox 557 1595 636 1649; x_wconf 84' lang='grc' dir='ltr'><strong>πάσης</strong></span> <span class='ocrx_word' id='word_1_110' title='bbox 658 1595 745 1656; x_wconf 73' lang='grc' dir='ltr'><strong>ἔχουσα</strong></span> <span class='ocrx_word' id='word_1_111' title='bbox 761 1596 835 1658; x_wconf 82' lang='grc' dir='ltr'><strong>πίρας</strong></span> <span class='ocrx_word' id='word_1_112' title='bbox 862 1601 905 1651; x_wconf 82' lang='grc' dir='ltr'><strong>τῆς</strong></span> <span class='ocrx_word' id='word_1_113' title='bbox 929 1593 1067 1658; x_wconf 81' lang='grc' dir='ltr'><strong>αὐταρκείας</strong></span> <span class='ocrx_word' id='word_1_114' title='bbox 1090 1600 1122 1654; x_wconf 85' lang='grc' dir='ltr'>ὡς</span> <span class='ocrx_word' id='word_1_115' title='bbox 1141 1600 1197 1655; x_wconf 80' lang='grc' dir='ltr'><strong>ίπος</strong></span> 
     </span>
     <span class='ocr_line' id='line_1_12' title="bbox 112 1702 1200 1774; baseline 0.007 -17"><span class='ocrx_word' id='word_1_116' title='bbox 112 1724 121 1749; x_wconf 79' lang='lat' dir='ltr'>o</span> <span class='ocrx_word' id='word_1_117' title='bbox 142 1709 224 1771; x_wconf 81' lang='grc' dir='ltr'><strong>εἰπεῖν,</strong></span> <span class='ocrx_word' id='word_1_118' title='bbox 237 1711 347 1771; x_wconf 73' lang='grc' dir='ltr'><strong>γινομένη</strong></span> <span class='ocrx_word' id='word_1_119' title='bbox 356 1713 400 1770; x_wconf 81' lang='grc' dir='ltr'>μὲν</span> <span class='ocrx_word' id='word_1_120' title='bbox 413 1705 463 1770; x_wconf 83' lang='grc' dir='ltr'><strong>οὗν,</strong></span> <span class='ocrx_word' id='word_1_121' title='bbox 476 1712 518 1758; x_wconf 85' lang='grc' dir='ltr'><strong>τοῦ</strong></span> <span class='ocrx_word' id='word_1_122' title='bbox 532 1715 572 1771; x_wconf 84' lang='grc' dir='ltr'>ζῇν</span> <span class='ocrx_word' id='word_1_123' title='bbox 585 1708 668 1770; x_wconf 73' lang='lat' dir='ltr'>taraco,</span> <span class='ocrx_word' id='word_1_124' title='bbox 682 1702 741 1758; x_wconf 77' lang='grc' dir='ltr'><strong>οὖσα</strong></span> <span class='ocrx_word' id='word_1_125' title='bbox 754 1709 793 1770; x_wconf 71' lang='lat' dir='ltr'>bt,</span> <span class='ocrx_word' id='word_1_126' title='bbox 816 1714 858 1760; x_wconf 84' lang='grc' dir='ltr'><strong>τοῦ</strong></span> <span class='ocrx_word' id='word_1_127' title='bbox 878 1712 956 1773; x_wconf 76' lang='grc' dir='ltr'><strong>ιῦζῇν</strong></span> <span class='ocrx_word' id='word_1_128' title='bbox 978 1724 988 1751; x_wconf 78' lang='grc' dir='ltr'><strong>υ</strong></span> <span class='ocrx_word' id='word_1_129' title='bbox 1019 1705 1066 1774; x_wconf 70' lang='lat'>(2).</span> <span class='ocrx_word' id='word_1_130' title='bbox 1096 1709 1200 1765; x_wconf 73' lang='lat' dir='ltr'>Exem-</span> 
     </span>
     <span class='ocr_line' id='line_1_13' title="bbox 108 1821 1199 1898; baseline 0.003 -18"><span class='ocrx_word' id='word_1_131' title='bbox 108 1822 152 1895; x_wconf 89' lang='lat' dir='ltr'>pli</span> <span class='ocrx_word' id='word_1_132' title='bbox 166 1822 279 1895; x_wconf 81' lang='lat' dir='ltr'>gratia,</span> <span class='ocrx_word' id='word_1_133' title='bbox 306 1821 443 1881; x_wconf 85' lang='lat' dir='ltr'>civitates</span> <span class='ocrx_word' id='word_1_134' title='bbox 462 1821 522 1878; x_wconf 82' lang='lat' dir='ltr'>illa</span> <span class='ocrx_word' id='word_1_135' title='bbox 547 1833 613 1893; x_wconf 80' lang='lat' dir='ltr'>quae</span> <span class='ocrx_word' id='word_1_136' title='bbox 630 1821 663 1878; x_wconf 90' lang='lat' dir='ltr'>in</span> <span class='ocrx_word' id='word_1_137' title='bbox 678 1821 815 1881; x_wconf 87' lang='lat' dir='ltr'>America</span> <span class='ocrx_word' id='word_1_138' title='bbox 830 1823 1002 1882; x_wconf 81' lang='lat' dir='ltr'>constituta</span> <span class='ocrx_word' id='word_1_139' title='bbox 1017 1824 1104 1898; x_wconf 90' lang='lat' dir='ltr'>sunt,</span> <span class='ocrx_word' id='word_1_140' title='bbox 1124 1825 1199 1898; x_wconf 82' lang='lat' dir='ltr'>quid</span> 
     </span>
     <span class='ocr_line' id='line_1_14' title="bbox 97 1921 1199 2012; baseline -0.001 -14"><span class='ocrx_word' id='word_1_141' title='bbox 97 1921 195 1998; x_wconf 53' lang='lat' dir='ltr'>&#39;aliud</span> <span class='ocrx_word' id='word_1_142' title='bbox 209 1938 267 1996; x_wconf 85' lang='lat' dir='ltr'>sibi</span> <span class='ocrx_word' id='word_1_143' title='bbox 282 1939 526 2011; x_wconf 90' lang='lat' dir='ltr'>proposuerunt,</span> <span class='ocrx_word' id='word_1_144' title='bbox 538 1937 600 1994; x_wconf 91' lang='lat' dir='ltr'>nisi</span> <span class='ocrx_word' id='word_1_145' title='bbox 610 1939 644 1995; x_wconf 93' lang='lat' dir='ltr'>ut</span> <span class='ocrx_word' id='word_1_146' title='bbox 655 1937 693 1996; x_wconf 86' lang='lat' dir='ltr'>ab</span> <span class='ocrx_word' id='word_1_147' title='bbox 714 1940 838 1997; x_wconf 84' lang='lat' dir='ltr'>externo</span> <span class='ocrx_word' id='word_1_148' title='bbox 853 1939 941 1998; x_wconf 87' lang='lat' dir='ltr'>hoste</span> <span class='ocrx_word' id='word_1_149' title='bbox 957 1941 1045 2012; x_wconf 83' lang='lat' dir='ltr'>tuta,</span> <span class='ocrx_word' id='word_1_150' title='bbox 1056 1940 1199 1999; x_wconf 84' lang='lat' dir='ltr'>ahinter-</span> 
     </span>
     <span class='ocr_line' id='line_1_15' title="bbox 109 2057 1201 2135; baseline 0.002 -18"><span class='ocrx_word' id='word_1_151' title='bbox 109 2073 151 2117; x_wconf 92' lang='lat' dir='ltr'>no</span> <span class='ocrx_word' id='word_1_152' title='bbox 169 2059 277 2116; x_wconf 91' lang='lat' dir='ltr'>timore</span> <span class='ocrx_word' id='word_1_153' title='bbox 286 2057 389 2116; x_wconf 83' lang='lat' dir='ltr'>libera</span> <span class='ocrx_word' id='word_1_154' title='bbox 405 2059 521 2130; x_wconf 86' lang='lat' dir='ltr'>essent,</span> <span class='ocrx_word' id='word_1_155' title='bbox 543 2059 578 2115; x_wconf 93' lang='lat' dir='ltr'>ut</span> <span class='ocrx_word' id='word_1_156' title='bbox 592 2057 732 2116; x_wconf 84' lang='lat' dir='ltr'>viverent</span> <span class='ocrx_word' id='word_1_157' title='bbox 752 2061 782 2116; x_wconf 89' lang='lat' dir='ltr'>et</span> <span class='ocrx_word' id='word_1_158' title='bbox 794 2059 873 2119; x_wconf 84' lang='lat' dir='ltr'>bene</span> <span class='ocrx_word' id='word_1_159' title='bbox 889 2061 1043 2120; x_wconf 85' lang='lat' dir='ltr'>viverent?</span> <span class='ocrx_word' id='word_1_160' title='bbox 1058 2063 1201 2135; x_wconf 85' lang='lat' dir='ltr'>AEquitati</span> 
     </span>
     <span class='ocr_line' id='line_1_16' title="bbox 110 2151 1200 2256; baseline 0.002 -20"><span class='ocrx_word' id='word_1_161' title='bbox 110 2192 185 2238; x_wconf 93' lang='lat' dir='ltr'>sane</span> <span class='ocrx_word' id='word_1_162' title='bbox 209 2192 316 2238; x_wconf 91' lang='lat' dir='ltr'>eorum</span> <span class='ocrx_word' id='word_1_163' title='bbox 338 2178 478 2236; x_wconf 89' lang='lat' dir='ltr'>instituta</span> <span class='ocrx_word' id='word_1_164' title='bbox 493 2151 634 2256; x_wconf 83' lang='lat' dir='ltr'>legesque</span> <span class='ocrx_word' id='word_1_165' title='bbox 655 2191 823 2248; x_wconf 81' lang='lat' dir='ltr'>congruere</span> <span class='ocrx_word' id='word_1_166' title='bbox 849 2179 979 2238; x_wconf 87' lang='lat' dir='ltr'>debent:</span> <span class='ocrx_word' id='word_1_167' title='bbox 1008 2180 1082 2252; x_wconf 86' lang='lat' dir='ltr'>quid</span> <span class='ocrx_word' id='word_1_168' title='bbox 1108 2187 1200 2240; x_wconf 79' lang='lat' dir='ltr'>vero?</span> 
     </span>
     <span class='ocr_line' id='line_1_17' title="bbox 111 2298 1200 2373; baseline -0.001 -16"><span class='ocrx_word' id='word_1_169' title='bbox 111 2301 219 2358; x_wconf 87' lang='lat' dir='ltr'>Nonne</span> <span class='ocrx_word' id='word_1_170' title='bbox 234 2298 349 2357; x_wconf 86' lang='lat' dir='ltr'>Tullius</span> <span class='ocrx_word' id='word_1_171' title='bbox 373 2300 402 2356; x_wconf 93' lang='lat' dir='ltr'>et</span> <span class='ocrx_word' id='word_1_172' title='bbox 423 2299 562 2358; x_wconf 83' lang='lat' dir='ltr'>societati</span> <span class='ocrx_word' id='word_1_173' title='bbox 580 2298 735 2372; x_wconf 89' lang='lat' dir='ltr'>latrocinii</span> <span class='ocrx_word' id='word_1_174' title='bbox 754 2303 863 2373; x_wconf 87' lang='lat' dir='ltr'>causa,</span> <span class='ocrx_word' id='word_1_175' title='bbox 876 2298 910 2356; x_wconf 84' lang='lat' dir='ltr'>iu</span> <span class='ocrx_word' id='word_1_176' title='bbox 925 2299 1089 2359; x_wconf 86' lang='lat' dir='ltr'>esicontra</span> <span class='ocrx_word' id='word_1_177' title='bbox 1109 2300 1200 2371; x_wconf 86' lang='lat' dir='ltr'>aequi-</span> 
     </span>
     <span class='ocr_line' id='line_1_18' title="bbox 113 2410 1201 2492; baseline -0.002 -16"><span class='ocrx_word' id='word_1_178' title='bbox 113 2419 205 2476; x_wconf 86' lang='lat' dir='ltr'>tatem</span> <span class='ocrx_word' id='word_1_179' title='bbox 216 2415 225 2492; x_wconf 87' lang='lat'>,</span> <span class='ocrx_word' id='word_1_180' title='bbox 236 2410 324 2485; x_wconf 80' lang='lat' dir='ltr'>&#39;inita</span> <span class='ocrx_word' id='word_1_181' title='bbox 344 2419 549 2478; x_wconf 88' lang='lat' dir='ltr'>necessariam</span> <span class='ocrx_word' id='word_1_182' title='bbox 569 2431 636 2476; x_wconf 89' lang='lat' dir='ltr'>esse</span> <span class='ocrx_word' id='word_1_183' title='bbox 654 2418 829 2490; x_wconf 77' lang='lat' dir='ltr'>equitatem</span> <span class='ocrx_word' id='word_1_184' title='bbox 852 2417 1201 2491; x_wconf 86' lang='lat' dir='ltr'>proclamat,quades1·</span> 
     </span>
     <span class='ocr_line' id='line_1_19' title="bbox 113 2536 1203 2610; baseline -0.002 -15"><span class='ocrx_word' id='word_1_185' title='bbox 113 2537 230 2610; x_wconf 84' lang='lat' dir='ltr'>ciente,</span> <span class='ocrx_word' id='word_1_186' title='bbox 251 2551 290 2596; x_wconf 91' lang='lat' dir='ltr'>ue</span> <span class='ocrx_word' id='word_1_187' title='bbox 314 2552 378 2598; x_wconf 93' lang='lat' dir='ltr'>una</span> <span class='ocrx_word' id='word_1_188' title='bbox 402 2538 527 2610; x_wconf 85' lang='lat' dir='ltr'>quidem</span> <span class='ocrx_word' id='word_1_189' title='bbox 546 2537 596 2596; x_wconf 83' lang='lat' dir='ltr'>die</span> <span class='ocrx_word' id='word_1_190' title='bbox 622 2537 676 2596; x_wconf 88' lang='lat' dir='ltr'>iila</span> <span class='ocrx_word' id='word_1_191' title='bbox 692 2536 791 2610; x_wconf 86' lang='lat' dir='ltr'>possit</span> <span class='ocrx_word' id='word_1_192' title='bbox 810 2550 935 2596; x_wconf 90' lang='lat' dir='ltr'>manere</span> <span class='ocrx_word' id='word_1_193' title='bbox 960 2537 1022 2609; x_wconf 71' lang='lat' dir='ltr'>(iti</span> <span class='ocrx_word' id='word_1_194' title='bbox 1057 2536 1203 2596; x_wconf 87' lang='lat' dir='ltr'>societate</span> 
     </span>
     <span class='ocr_line' id='line_1_20' title="bbox 112 2655 1202 2731; baseline -0.001 -15"><span class='ocrx_word' id='word_1_195' title='bbox 112 2659 216 2716; x_wconf 91' lang='lat' dir='ltr'>autem</span> <span class='ocrx_word' id='word_1_196' title='bbox 229 2657 412 2731; x_wconf 90' lang='lat' dir='ltr'>constituta,</span> <span class='ocrx_word' id='word_1_197' title='bbox 428 2658 609 2729; x_wconf 89' lang='lat' dir='ltr'>potestatem</span> <span class='ocrx_word' id='word_1_198' title='bbox 635 2656 800 2728; x_wconf 84' lang='lat' dir='ltr'>quamdam</span> <span class='ocrx_word' id='word_1_199' title='bbox 816 2657 844 2714; x_wconf 94' lang='lat' dir='ltr'>ei</span> <span class='ocrx_word' id='word_1_200' title='bbox 862 2655 977 2728; x_wconf 83' lang='lat' dir='ltr'>pratici</span> <span class='ocrx_word' id='word_1_201' title='bbox 992 2669 1116 2714; x_wconf 89' lang='lat' dir='ltr'>necesse</span> <span class='ocrx_word' id='word_1_202' title='bbox 1138 2659 1202 2729; x_wconf 79' lang='lat' dir='ltr'>est3</span> 
     </span>
     <span class='ocr_line' id='line_1_21' title="bbox 114 2773 1201 2848; baseline 0.004 -16"><span class='ocrx_word' id='word_1_203' title='bbox 114 2787 179 2833; x_wconf 94' lang='lat' dir='ltr'>non</span> <span class='ocrx_word' id='word_1_204' title='bbox 194 2773 316 2834; x_wconf 85' lang='lat' dir='ltr'>sufficit.</span> <span class='ocrx_word' id='word_1_205' title='bbox 333 2775 512 2834; x_wconf 86' lang='lat' dir='ltr'>Constantes</span> <span class='ocrx_word' id='word_1_206' title='bbox 528 2775 639 2846; x_wconf 80' lang='lat' dir='ltr'>regula</span> <span class='ocrx_word' id='word_1_207' title='bbox 655 2774 837 2833; x_wconf 82' lang='lat' dir='ltr'>adhibenda</span> <span class='ocrx_word' id='word_1_208' title='bbox 852 2777 925 2834; x_wconf 90' lang='lat' dir='ltr'>sunt</span> <span class='ocrx_word' id='word_1_209' title='bbox 940 2775 993 2848; x_wconf 66' lang='lat' dir='ltr'>(a),</span> <span class='ocrx_word' id='word_1_210' title='bbox 1010 2781 1076 2848; x_wconf 75' lang='lat' dir='ltr'>qua</span> <span class='ocrx_word' id='word_1_211' title='bbox 1090 2790 1201 2835; x_wconf 90' lang='lat' dir='ltr'>vocan-</span> 
     </span>
     <span class='ocr_line' id='line_1_22' title="bbox 113 2893 1205 2968; baseline 0.003 -18"><span class='ocrx_word' id='word_1_212' title='bbox 113 2895 163 2950; x_wconf 90' lang='lat' dir='ltr'>tur</span> <span class='ocrx_word' id='word_1_213' title='bbox 175 2893 267 2964; x_wconf 77' lang='lat' dir='ltr'>leges.</span> <span class='ocrx_word' id='word_1_214' title='bbox 293 2896 360 2953; x_wconf 88' lang='lat' dir='ltr'>Non</span> <span class='ocrx_word' id='word_1_215' title='bbox 379 2895 440 2953; x_wconf 89' lang='lat' dir='ltr'>alia</span> <span class='ocrx_word' id='word_1_216' title='bbox 455 2896 557 2954; x_wconf 88' lang='lat' dir='ltr'>autem</span> <span class='ocrx_word' id='word_1_217' title='bbox 582 2895 621 2952; x_wconf 90' lang='lat' dir='ltr'>iis</span> <span class='ocrx_word' id='word_1_218' title='bbox 638 2895 723 2965; x_wconf 82' lang='lat' dir='ltr'>origo</span> <span class='ocrx_word' id='word_1_219' title='bbox 744 2898 805 2968; x_wconf 89' lang='lat' dir='ltr'>est,</span> <span class='ocrx_word' id='word_1_220' title='bbox 826 2897 916 2968; x_wconf 79' lang='lat' dir='ltr'>atoue</span> <span class='ocrx_word' id='word_1_221' title='bbox 941 2895 1077 2954; x_wconf 87' lang='lat' dir='ltr'>societati</span> <span class='ocrx_word' id='word_1_222' title='bbox 1097 2897 1156 2968; x_wconf 89' lang='lat' dir='ltr'>ipsi</span> <span class='ocrx_word' id='word_1_223' title='bbox 1176 2899 1205 2954; x_wconf 89' lang='lat' dir='ltr'>et</span> 
     </span>
    </p>
   </div>
   <div class='ocr_carea' id='block_1_7' title="bbox 114 3014 1205 3204">
    <p class='ocr_par' dir='ltr' id='par_1_7' title="bbox 114 3014 1205 3204">
     <span class='ocr_line' id='line_1_23' title="bbox 114 3014 1204 3090; baseline 0 -18"><span class='ocrx_word' id='word_1_224' title='bbox 114 3014 267 3086; x_wconf 89' lang='lat' dir='ltr'>potestati.</span> <span class='ocrx_word' id='word_1_225' title='bbox 283 3017 383 3084; x_wconf 83' lang='lat' dir='ltr'>Quum</span> <span class='ocrx_word' id='word_1_226' title='bbox 403 3016 531 3076; x_wconf 83' lang='lat' dir='ltr'>diversis</span> <span class='ocrx_word' id='word_1_227' title='bbox 553 3016 784 3076; x_wconf 84' lang='lat' dir='ltr'>inserviendum</span> <span class='ocrx_word' id='word_1_228' title='bbox 810 3019 849 3075; x_wconf 92' lang='lat' dir='ltr'>sit</span> <span class='ocrx_word' id='word_1_229' title='bbox 873 3015 1059 3090; x_wconf 83' lang='lat' dir='ltr'>commodis,</span> <span class='ocrx_word' id='word_1_230' title='bbox 1078 3017 1204 3076; x_wconf 80' lang='lat' dir='ltr'>diversa</span> 
     </span>
     <span class='ocr_line' id='line_1_24' title="bbox 116 3129 1205 3204; baseline 0.001 -19"><span class='ocrx_word' id='word_1_231' title='bbox 116 3129 189 3186; x_wconf 92' lang='lat' dir='ltr'>sunt</span> <span class='ocrx_word' id='word_1_232' title='bbox 204 3129 283 3202; x_wconf 89' lang='lat' dir='ltr'>juris</span> <span class='ocrx_word' id='word_1_233' title='bbox 298 3130 418 3202; x_wconf 88' lang='lat' dir='ltr'>partes:</span> <span class='ocrx_word' id='word_1_234' title='bbox 439 3130 490 3202; x_wconf 92' lang='lat' dir='ltr'>jus</span> <span class='ocrx_word' id='word_1_235' title='bbox 506 3132 660 3202; x_wconf 82' lang='lat' dir='ltr'>gentium,</span> <span class='ocrx_word' id='word_1_236' title='bbox 678 3131 729 3202; x_wconf 87' lang='lat' dir='ltr'>jus</span> <span class='ocrx_word' id='word_1_237' title='bbox 745 3131 852 3204; x_wconf 80' lang='lat' dir='ltr'>civile,</span> <span class='ocrx_word' id='word_1_238' title='bbox 876 3132 927 3203; x_wconf 90' lang='lat' dir='ltr'>jus</span> <span class='ocrx_word' id='word_1_239' title='bbox 952 3143 1125 3203; x_wconf 87' lang='lat' dir='ltr'>poenarum.</span> <span class='ocrx_word' id='word_1_240' title='bbox 1153 3133 1205 3187; x_wconf 89' lang='lat' dir='ltr'>Su·</span> 
     </span>
    </p>
   </div>
   <div class='ocr_carea' id='block_1_8' title="bbox 114 3247 1207 3564">
    <p class='ocr_par' dir='ltr' id='par_1_8' title="bbox 114 3247 1207 3564">
     <span class='ocr_line' id='line_1_25' title="bbox 114 3247 1207 3327; baseline -0.002 -21"><span class='ocrx_word' id='word_1_241' title='bbox 114 3248 197 3307; x_wconf 84' lang='lat' dir='ltr'>blata</span> <span class='ocrx_word' id='word_1_242' title='bbox 210 3250 294 3308; x_wconf 90' lang='lat' dir='ltr'>enim</span> <span class='ocrx_word' id='word_1_243' title='bbox 308 3250 453 3327; x_wconf 90' lang='lat' dir='ltr'>utilitate,</span> <span class='ocrx_word' id='word_1_244' title='bbox 471 3253 547 3325; x_wconf 81' lang='lat' dir='ltr'>quid</span> <span class='ocrx_word' id='word_1_245' title='bbox 565 3254 611 3310; x_wconf 92' lang='lat' dir='ltr'>est</span> <span class='ocrx_word' id='word_1_246' title='bbox 627 3266 682 3310; x_wconf 90' lang='lat' dir='ltr'>our</span> <span class='ocrx_word' id='word_1_247' title='bbox 698 3250 849 3323; x_wconf 85' lang='lat' dir='ltr'>supplicio</span> <span class='ocrx_word' id='word_1_248' title='bbox 866 3249 1042 3308; x_wconf 84' lang='lat' dir='ltr'>afficiantur</span> <span class='ocrx_word' id='word_1_249' title='bbox 1056 3247 1207 3320; x_wconf 73' lang='lat' dir='ltr'>improbi?</span> 
     </span>
     <span class='ocr_line' id='line_1_26' title="bbox 115 3365 1207 3443; baseline -0.002 -19"><span class='ocrx_word' id='word_1_250' title='bbox 115 3369 225 3426; x_wconf 88' lang='lat' dir='ltr'>Parum</span> <span class='ocrx_word' id='word_1_251' title='bbox 245 3372 291 3427; x_wconf 90' lang='lat' dir='ltr'>est</span> <span class='ocrx_word' id='word_1_252' title='bbox 313 3382 366 3429; x_wconf 86' lang='lat' dir='ltr'>eos</span> <span class='ocrx_word' id='word_1_253' title='bbox 382 3371 485 3443; x_wconf 84' lang='lat' dir='ltr'>aliqua</span> <span class='ocrx_word' id='word_1_254' title='bbox 495 3385 588 3443; x_wconf 86' lang='lat' dir='ltr'>poena</span> <span class='ocrx_word' id='word_1_255' title='bbox 610 3371 721 3443; x_wconf 82' lang='lat' dir='ltr'>dignos</span> <span class='ocrx_word' id='word_1_256' title='bbox 736 3382 819 3443; x_wconf 89' lang='lat' dir='ltr'>esse,</span> <span class='ocrx_word' id='word_1_257' title='bbox 835 3369 886 3427; x_wconf 84' lang='lat' dir='ltr'>Dei</span> <span class='ocrx_word' id='word_1_258' title='bbox 902 3371 948 3426; x_wconf 88' lang='lat' dir='ltr'>est</span> <span class='ocrx_word' id='word_1_259' title='bbox 964 3365 1114 3441; x_wconf 85' lang='lat' dir='ltr'>judicium</span> <span class='ocrx_word' id='word_1_260' title='bbox 1129 3367 1207 3425; x_wconf 88' lang='lat' dir='ltr'>ferre</span> 
     </span>
     <span class='ocr_line' id='line_1_27' title="bbox 116 3487 1206 3564; baseline -0.005 -18"><span class='ocrx_word' id='word_1_261' title='bbox 116 3488 153 3547; x_wconf 85' lang='lat' dir='ltr'>de</span> <span class='ocrx_word' id='word_1_262' title='bbox 168 3488 216 3547; x_wconf 89' lang='lat' dir='ltr'>iis.</span> <span class='ocrx_word' id='word_1_263' title='bbox 231 3491 364 3548; x_wconf 73' lang='lat' dir='ltr'>atenim</span> <span class='ocrx_word' id='word_1_264' title='bbox 383 3491 512 3550; x_wconf 88' lang='lat' dir='ltr'>curandi</span> <span class='ocrx_word' id='word_1_265' title='bbox 524 3493 597 3550; x_wconf 90' lang='lat' dir='ltr'>sunt</span> <span class='ocrx_word' id='word_1_266' title='bbox 615 3491 669 3564; x_wconf 79' lang='lat'><strong>(5).</strong></span> <span class='ocrx_word' id='word_1_267' title='bbox 692 3492 801 3548; x_wconf 91' lang='lat' dir='ltr'>Nonne</span> <span class='ocrx_word' id='word_1_268' title='bbox 822 3489 980 3548; x_wconf 88' lang='lat' dir='ltr'>curatione</span> <span class='ocrx_word' id='word_1_269' title='bbox 999 3489 1067 3561; x_wconf 88' lang='lat' dir='ltr'>ipsa</span> <span class='ocrx_word' id='word_1_270' title='bbox 1082 3487 1206 3546; x_wconf 84' lang='lat' dir='ltr'>libertas</span> 
     </span>
    </p>
   </div>
   <div class='ocr_carea' id='block_1_9' title="bbox 120 3877 1204 4399">
    <p class='ocr_par' dir='ltr' id='par_1_9' title="bbox 153 3877 404 3940">
     <span class='ocr_line' id='line_1_28' title="bbox 153 3877 404 3940; baseline 0.012 -12"><span class='ocrx_word' id='word_1_271' title='bbox 153 3878 183 3940; x_wconf 78' lang='lat' dir='ltr'>(t)</span> <span class='ocrx_word' id='word_1_272' title='bbox 203 3878 241 3930; x_wconf 84' lang='lat' dir='ltr'>ld.</span> <span class='ocrx_word' id='word_1_273' title='bbox 255 3877 322 3931; x_wconf 85' lang='lat' dir='ltr'>ibid.</span> <span class='ocrx_word' id='word_1_274' title='bbox 334 3902 368 3916; x_wconf 75' lang='lat'>,-</span> <span class='ocrx_word' id='word_1_275' title='bbox 382 3882 404 3931; x_wconf 90' lang='lat'>1.</span> 
     </span>
    </p>

    <p class='ocr_par' dir='ltr' id='par_1_10' title="bbox 152 3969 409 4034">
     <span class='ocr_line' id='line_1_29' title="bbox 152 3969 409 4034; baseline 0.012 -13"><span class='ocrx_word' id='word_1_276' title='bbox 152 3970 181 4034; x_wconf 78' lang='lat' dir='ltr'>(tt</span> <span class='ocrx_word' id='word_1_277' title='bbox 201 3969 240 4022; x_wconf 86' lang='lat' dir='ltr'>ld.</span> <span class='ocrx_word' id='word_1_278' title='bbox 259 3970 325 4024; x_wconf 85' lang='lat' dir='ltr'>ibid.</span> <span class='ocrx_word' id='word_1_279' title='bbox 339 4000 372 4008; x_wconf 88' lang='lat'>-</span> <span class='ocrx_word' id='word_1_280' title='bbox 384 3974 409 4024; x_wconf 75' lang='lat' dir='ltr'>i.</span> 
     </span>
    </p>

    <p class='ocr_par' dir='ltr' id='par_1_11' title="bbox 156 4058 359 4122">
     <span class='ocr_line' id='line_1_30' title="bbox 156 4058 359 4122; baseline 0.015 -13"><span class='ocrx_word' id='word_1_281' title='bbox 156 4058 186 4122; x_wconf 83' lang='grc'>(3)</span> <span class='ocrx_word' id='word_1_282' title='bbox 206 4059 243 4111; x_wconf 82' lang='lat' dir='ltr'>ite</span> <span class='ocrx_word' id='word_1_283' title='bbox 252 4059 359 4112; x_wconf 88' lang='lat' dir='ltr'>officiis.</span> 
     </span>
    </p>

    <p class='ocr_par' dir='ltr' id='par_1_12' title="bbox 120 4150 1204 4311">
     <span class='ocr_line' id='line_1_31' title="bbox 153 4150 1204 4221; baseline 0.006 -18"><span class='ocrx_word' id='word_1_284' title='bbox 153 4151 183 4215; x_wconf 77' lang='lat'>(4)</span> <span class='ocrx_word' id='word_1_285' title='bbox 202 4150 322 4204; x_wconf 88' lang='lat' dir='ltr'>Bossuet.</span> <span class='ocrx_word' id='word_1_286' title='bbox 345 4151 476 4220; x_wconf 87' lang='lat' dir='ltr'>Potitiqne</span> <span class='ocrx_word' id='word_1_287' title='bbox 492 4153 559 4210; x_wconf 82' lang='lat' dir='ltr'>tiree</span> <span class='ocrx_word' id='word_1_288' title='bbox 575 4155 623 4209; x_wconf 89' lang='lat' dir='ltr'>des</span> <span class='ocrx_word' id='word_1_289' title='bbox 638 4167 752 4221; x_wconf 88' lang='lat' dir='ltr'>propres</span> <span class='ocrx_word' id='word_1_290' title='bbox 769 4154 876 4220; x_wconf 82' lang='lat' dir='ltr'>paretes</span> <span class='ocrx_word' id='word_1_291' title='bbox 891 4156 924 4209; x_wconf 87' lang='lat' dir='ltr'>de</span> <span class='ocrx_word' id='word_1_292' title='bbox 946 4154 1204 4219; x_wconf 72' lang='lat' dir='ltr'>liternum-sainte,</span> 
     </span>
     <span class='ocr_line' id='line_1_32' title="bbox 120 4240 452 4311; baseline 0.015 -20"><span class='ocrx_word' id='word_1_293' title='bbox 120 4240 201 4306; x_wconf 78' lang='lat' dir='ltr'>Liar,</span> <span class='ocrx_word' id='word_1_294' title='bbox 217 4245 267 4294; x_wconf 85' lang='lat' dir='ltr'>art.</span> <span class='ocrx_word' id='word_1_295' title='bbox 282 4245 312 4308; x_wconf 79' lang='lat'>4,</span> <span class='ocrx_word' id='word_1_296' title='bbox 330 4244 363 4294; x_wconf 75' lang='lat'>1¹⁸</span> <span class='ocrx_word' id='word_1_297' title='bbox 376 4245 452 4311; x_wconf 88' lang='lat' dir='ltr'>Prop.</span> 
     </span>
    </p>

    <p class='ocr_par' dir='ltr' id='par_1_13' title="bbox 155 4333 445 4399">
     <span class='ocr_line' id='line_1_33' title="bbox 155 4333 445 4399; baseline -0.01 -8"><span class='ocrx_word' id='word_1_298' title='bbox 155 4333 186 4393; x_wconf 73' lang='grc'>(5)</span> <span class='ocrx_word' id='word_1_299' title='bbox 207 4333 270 4387; x_wconf 85' lang='lat' dir='ltr'>Plat.</span> <span class='ocrx_word' id='word_1_300' title='bbox 286 4333 390 4399; x_wconf 77' lang='lat' dir='ltr'>deneg.</span> <span class='ocrx_word' id='word_1_301' title='bbox 405 4348 445 4388; x_wconf 79' lang='lat' dir='ltr'>rx.</span> 
     </span>
    </p>
   </div>
   <div class='ocr_carea' id='block_1_10' title="bbox 0 0 1413 4868">
    <p class='ocr_par' dir='ltr' id='par_1_14' title="bbox 0 0 1413 4868">
     <span class='ocr_line' id='line_1_34' title="bbox 0 0 1413 4868; baseline 0 0"><span class='ocrx_word' id='word_1_302' title='bbox 0 0 1413 4868; x_wconf 95' lang='lat' dir='ltr'> </span> 
     </span>
    </p>
   </div>
  </div>
 </body>
</html>
