2782 4868
603 366 793 428 -roa-

143 523 281 595 vissent,
296 532 332 580 ex
349 521 463 594 quibus
480 518 686 592 Papinianus,
706 530 802 591 penes
821 517 928 591 illum,
947 518 1033 590 quasi
1055 519 1147 578 curia
1164 525 1238 592 pre

145 643 263 714 sidem,
275 639 438 714 judicium.
456 643 594 723 Baconus
607 639 691 698 velat
705 640 823 696 tantam
844 637 908 697 vim
926 638 1084 710 responsis
1106 638 1239 709 pruden-

146 762 213 821 tum
229 772 312 833 csse3
328 761 382 819 sed
401 760 549 832 quoniam
568 782 580 808 α
596 759 706 818 durum
728 760 774 818 est
791 761 826 818 ut
840 759 862 817 ii
878 761 932 832 qui
951 760 990 818 ab
1011 772 1115 817 errore
1132 771 1240 817 cavere

147 900 161 929 o
182 877 310 951 cupiant
329 876 439 936 ducem
455 876 513 936 viae
531 890 596 939 non
615 877 777 937 inveniant
793 877 843 951 (l),
862 899 874 930 o
887 881 964 950 jora
985 893 1004 932 c
1018 877 1139 949 Jorutis
1151 876 1238 949 jodi-

142 1000 227 1058 ce'iua
235 997 381 1056 summac
391 999 553 1058 declarat:
569 998 714 1059 «lentari
726 998 845 1073 judicia
858 1012 912 1071 per
926 1012 1035 1058 causas
1049 966 1082 1065 ei
1091 1010 1239 1070 personas

145 1136 161 1174 a
183 1121 271 1183 fictas
293 1119 314 1172 η’
328 1133 393 1178 non
413 1117 543 1195 palium
565 1118 709 1193 ejudieia
734 1119 852 1192 aliquid
875 1089 987 1178 habere
1013 1132 1049 1183 erc
1067 1118 1166 1179 ¹scena
1186 1116 1238 1176 <le-
1281 1108 1291 1123 ”

147 1263 161 1292 ιι
182 1243 281 1300 forme
295 1242 350 1299 est.
375 1260 386 1292 r
410 1241 457 1298 sic
472 1240 564 1311 igitur
579 1240 922 1313 consulendos‘juriices
936 1240 1061 1298 censet:
1080 1260 1094 1291 c
1109 1242 1152 1296 Ea
1165 1252 1237 1297 con-
1350 1277 1353 1280 -

137 1380 166 1433 i.
181 1358 278 1431 suita,
304 1357 368 1416 sive
394 1357 428 1414 in
451 1357 579 1428 privatis
600 1358 709 1432 rebus,
730 1357 794 1416 sive
817 1357 850 1416 in
876 1355 1025 1429 puhlicis,
1047 1356 1237 1429 ajudicihus

33 1478 36 1482 '
148 1476 258 1549 «ipsis
281 1491 319 1535 ne
338 1476 457 1548 poscito
480 1475 525 1548 (iri
549 1476 633 1534 enim
656 1477 682 1533 si
705 1475 773 1549 fiat,
793 1476 887 1548 judex
911 1479 1044 1535 transeat
1059 1473 1091 1534 in
1108 1476 1237 1535 adrom-

146 1606 160 1647 ’κ
183 1598 269 1669 iuml,
294 1596 347 1655 seri
366 1609 385 1654 a
404 1596 544 1668 principe
566 1598 618 1653 aut
642 1596 732 1655 siaiu.
759 1595 801 1652 Alo
826 1595 887 1652 illis
907 1595 946 1652 ed
967 1591 1086 1667 judices
1111 1595 1237 1652 rieman-

146 1717 306 1776 «deniur.
330 1716 454 1775 iudices
480 1728 570 1788 vero,
596 1715 648 1773 tali
674 1712 852 1774 autoritate
879 1714 969 1788 freti,
1001 1714 1238 1786 disceptationes

125 1859 161 1889 .«
182 1837 402 1896 advocatorum
421 1836 469 1894 vel
492 1835 531 1892 ah
551 1834 600 1893 his
623 1847 755 1907 quorum
775 1834 902 1891 interest
917 1833 1141 1906 adhibitorum,
1156 1836 1239 1894 vela

150 1977 162 2003 ιι
179 1952 336 2026 judicibus
357 1953 450 2027 ipsis,
473 1953 499 2011 si
520 1966 598 2026 opus
619 1955 681 2026 est,
698 1952 944 2028 assignatorum,
959 1955 989 2011 et
1006 1955 1187 2024 argumenta
1200 1967 1237 2013 ex

148 2095 160 2122 c
182 2073 285 2145 aliqua
304 2075 391 2145 parte
413 2073 579 2148 audiunto,
600 2075 646 2146 ei,
664 2087 696 2131 re
717 2073 900 2148 deliberata,
921 2073 972 2145 jus
997 2073 1181 2145 expediente
1205 2080 1234 2133 et
1327 2073 1329 2078 '

149 2192 369 2252 «declarante
396 2193 541 2252 consulta
565 2192 744 2266 hujusmodi
770 2193 852 2250 inter
877 2193 996 2265 judicia
1023 2193 1178 2250 referunio
1209 2197 1238 2250 et

147 2334 159 2361 α
181 2312 316 2385 edunto,
331 2313 361 2370 ei
376 2312 459 2383 uaris
476 2311 667 2370 auctoritatis
683 2314 785 2369 sunio.
804 2333 815 2362 r

181 2434 251 2500 Qua
272 2432 311 2489 sii
329 2432 389 2489 ista
406 2433 572 2490 auctoritas
591 2431 682 2490 nohis
704 2413 896 2504 compertum
915 2433 970 2489 est.
990 2430 1108 2491 iudicia
1128 2434 1232 2492 omnia

144 2552 226 2608 inier
240 2549 354 2622 scripta
367 2549 543 2609 authentica
558 2531 719 2610 referenda
734 2550 816 2607 suni.
836 2549 973 2609 Baconus
989 2552 1132 2624 quidem,
1149 2554 1234 2612 tanto

142 2682 248 2738 amore
258 2669 398 2727 insulula
422 2669 527 2742 pairiae
548 2683 611 2729 sure
629 2672 806 2745 amplexus,
829 2672 960 2730 nimium
978 2672 1103 2745 judiciis
1122 2676 1152 2732 ei
1171 2688 1232 2733 res-

144 2788 269 2861 ponsis,
287 2788 663 2864 judiciorumsimilious,
685 2791 769 2850 dedii
787 2812 794 2850 :
813 2791 892 2851 nihil
912 2792 996 2850 aliud
1018 2795 1064 2851 esi
1081 2793 1235 2865 judicium

144 2924 238 2984 quam
258 2900 410 2969 sententia
427 2926 491 2970 uno
508 2900 552 2971 'rie
572 2926 646 2971 casu
660 2914 740 2988 lata,
756 2928 838 2989 qua,
854 2915 915 2972 nisi
929 2915 1010 2973 inter
1024 2916 1141 2988 partes,
1157 2914 1234 2986 legis
1266 2931 1268 2935 ’

144 3023 355 3089 auctoritatem
370 3044 435 3088 non
450 3030 539 3088 dehet
553 3030 701 3090 obtinere.
719 3033 771 3090 sin
785 3034 885 3091 aulem
896 3076 904 3105 ,
916 3035 945 3090 ei
956 3031 1111 3104 judicibus
1122 3045 1236 3090 conce·

143 3148 228 3206 ditur
242 3147 321 3220 juris
341 3148 496 3206 condendi
514 3149 661 3223 facultas,
678 3154 707 3208 et
727 3151 762 3207 in
780 3151 967 3209 immensum
990 3153 1135 3221 augeatur
1151 3150 1240 3220 juris

143 3280 256 3338 eorpus
275 3280 400 3325 necesse
420 3269 488 3324 est:
507 3269 590 3340 quod
610 3269 773 3340 utrumque
787 3268 868 3338 leges
883 3268 915 3324 in
930 3267 1047 3325 incerto
1062 3281 1128 3326 esse
1142 3265 1234 3339 faciit

141 3391 300 3458 novasque
315 3387 510 3446 difficultates
523 3389 620 3460 parit,
636 3388 751 3447 nedum
766 3391 882 3447 veteres
898 3388 1040 3448 resolvat.
1072 3403 1083 3455 ς

178 3509 220 3563 Ne
244 3506 312 3578 quis
330 3506 425 3564 libros
448 3506 609 3564 auxiliares
636 3508 906 3580 praelectionesquc
929 3508 1016 3567 nullo
1040 3507 1134 3567 morio
1159 3509 1237 3565 usui,

140 3625 297 3697 judicibus
312 3638 378 3684 esse
393 3628 522 3698 reputet.
537 3630 603 3685 Non
619 3631 720 3685 autern
736 3628 781 3686 illi
795 3643 865 3687 curn
881 3629 983 3688 ofiicio
997 3629 1109 3700 judicis
1127 3629 1229 3700 potius

143 3754 235 3813 cruam
250 3742 390 3800 advocati
402 3742 593 3814 junguntur:
610 3744 701 3802 latius
715 3758 787 3804 vero
803 3746 924 3816 patent,
941 3746 1046 3815 uptote
1056 3744 1112 3815 oui
1127 3743 1166 3801 ad
1177 3743 1231 3816 jus

141 3861 317 3920 (iacendum
331 3862 512 3939 pertineant.

177 3981 207 4039 b.
228 3988 270 4038 De
298 3981 489 4039 ancillatione
506 3984 702 4056 judiciorum.
729 3986 815 4045 illam
842 3987 982 4058 qilariam
1011 3997 1076 4042 csse
1102 3997 1226 4043 causum

179 4327 209 4390 l)
228 4331 444 4398 axnxrnrisqq.
